2023-04-21T05:03:17.032775,XMR-USD,BUY,153.9,1INCH-USD,SELL,0.519,-1.6655809621497377,23.0
2023-04-21T05:03:20.738356,SUSHI-USD,BUY,1.077,1INCH-USD,SELL,0.519,-1.913766217552687,13.0
2023-04-21T05:03:22.990269,TRX-USD,BUY,0.0655,1INCH-USD,SELL,0.519,-1.9622419324321405,17.0
2023-04-21T05:03:25.510335,LINK-USD,BUY,7.56,1INCH-USD,SELL,0.519,-1.7441161256819342,23.0
2023-04-21T05:03:29.754333,LTC-USD,BUY,90.5,1INCH-USD,SELL,0.519,-1.6473247998090572,16.0
2023-04-21T05:03:30.567047,COMP-USD,SELL,41.0,MATIC-USD,BUY,1.0543,1.841439523068278,7.0
2023-04-21T05:03:33.373166,AAVE-USD,BUY,73.27,1INCH-USD,SELL,0.519,-1.6099738675313817,22.0
2023-04-21T05:03:41.955684,XMR-USD,BUY,153.9,1INCH-USD,SELL,0.519,-1.6655809621497377,23.0
2023-04-21T05:03:45.705909,SUSHI-USD,BUY,1.077,1INCH-USD,SELL,0.519,-1.913766217552687,13.0
2023-04-21T05:03:55.220169,LINK-USD,BUY,7.56,1INCH-USD,SELL,0.519,-1.7441161256819342,23.0
2023-04-21T05:03:55.534799,LTC-USD,BUY,90.5,1INCH-USD,SELL,0.519,-1.6473247998090572,16.0
2023-04-21T05:03:58.770470,ZRX-USD,BUY,0.264,1INCH-USD,SELL,0.516,-2.0328396222645653,12.0
2023-04-21T05:04:04.092565,COMP-USD,SELL,41.0,ALGO-USD,BUY,0.1908,1.510853084528311,7.0
2023-04-21T05:04:04.989102,CELO-USD,SELL,0.646,ZRX-USD,BUY,0.264,2.23002314785385,8.0
2023-04-21T05:04:10.353179,ENJ-USD,SELL,0.405,ZRX-USD,BUY,0.264,1.829916635672762,11.0
2023-04-21T05:04:21.474037,RUNE-USD,SELL,1.495,ZRX-USD,BUY,0.264,1.594751245889129,10.0
2023-04-21T05:04:26.519831,CELO-USD,SELL,0.638,ZRX-USD,BUY,0.264,1.66318641920314,8.0
2023-04-21T05:04:27.189693,ZRX-USD,BUY,0.264,COMP-USD,SELL,41.0,-2.0840048900731114,12.0
2023-04-21T05:04:30.081731,ENJ-USD,SELL,0.405,RUNE-USD,BUY,1.495,1.5645751605523912,7.0
2023-04-21T05:04:30.680919,AAVE-USD,SELL,73.27,AVAX-USD,BUY,18.43,1.840871816754284,9.0
2023-04-21T05:04:30.888037,ZRX-USD,BUY,0.264,ALGO-USD,SELL,0.1903,-1.6581801213264862,10.0
2023-04-21T05:04:33.589546,ENJ-USD,SELL,0.405,ZRX-USD,BUY,0.264,1.829916635672762,11.0
2023-04-21T05:04:34.350628,ZRX-USD,BUY,0.264,DOGE-USD,SELL,0.0844,-1.851007119415891,21.0
2023-04-21T05:04:40.044457,ZRX-USD,BUY,0.264,1INCH-USD,SELL,0.516,-2.0328396222645653,12.0
2023-04-21T05:04:44.287108,RUNE-USD,SELL,1.495,ZRX-USD,BUY,0.264,1.594751245889129,10.0
2023-04-21T05:04:45.517128,COMP-USD,SELL,41.0,ALGO-USD,BUY,0.1903,1.6834314867644964,7.0
2023-04-21T05:04:49.736803,ZRX-USD,BUY,0.264,COMP-USD,SELL,41.0,-2.0840048900731114,12.0
2023-04-21T05:04:53.290158,ZRX-USD,BUY,0.264,ALGO-USD,SELL,0.1903,-1.6581801213264862,10.0
2023-04-21T05:04:56.836883,ZRX-USD,BUY,0.264,DOGE-USD,SELL,0.0844,-1.851007119415891,21.0
2023-04-21T05:04:57.069963,CELO-USD,SELL,0.638,ZRX-USD,BUY,0.264,1.66318641920314,8.0
2023-04-21T05:05:00.676985,ENJ-USD,SELL,0.405,RUNE-USD,BUY,1.495,1.5645751605523912,7.0
2023-04-21T05:05:02.629509,ZRX-USD,BUY,0.264,1INCH-USD,SELL,0.516,-2.0328396222645653,12.0
2023-04-21T05:05:04.251646,ENJ-USD,SELL,0.405,ZRX-USD,BUY,0.264,1.829916635672762,11.0
2023-04-21T05:05:07.819884,COMP-USD,SELL,41.0,ALGO-USD,BUY,0.1903,1.6834314867644964,7.0
2023-04-21T05:05:11.120673,AAVE-USD,SELL,73.27,AVAX-USD,BUY,18.43,1.840871816754284,9.0
2023-04-21T05:05:15.244783,RUNE-USD,SELL,1.495,ZRX-USD,BUY,0.264,1.594751245889129,10.0
2023-04-21T05:05:20.694588,ZRX-USD,BUY,0.264,COMP-USD,SELL,41.0,-2.0840048900731114,12.0
2023-04-21T05:05:24.244465,ZRX-USD,BUY,0.264,ALGO-USD,SELL,0.1903,-1.6581801213264862,10.0
2023-04-21T05:05:27.896018,ZRX-USD,BUY,0.264,DOGE-USD,SELL,0.0844,-1.851007119415891,21.0
2023-04-21T05:05:32.184630,AAVE-USD,SELL,73.27,AVAX-USD,BUY,18.43,1.840871816754284,9.0
2023-04-21T05:05:33.487639,ZRX-USD,BUY,0.264,1INCH-USD,SELL,0.516,-2.0328396222645653,12.0
2023-04-21T05:05:37.766687,CELO-USD,SELL,0.638,ZRX-USD,BUY,0.264,1.66318641920314,8.0
2023-04-21T05:05:38.947053,COMP-USD,SELL,41.0,ALGO-USD,BUY,0.1903,1.6834314867644964,7.0
2023-04-21T05:05:41.154452,ENJ-USD,SELL,0.405,RUNE-USD,BUY,1.495,1.5645751605523912,7.0
2023-04-21T05:05:44.590319,ENJ-USD,SELL,0.405,ZRX-USD,BUY,0.264,1.829916635672762,11.0
2023-04-21T05:05:55.452376,RUNE-USD,SELL,1.495,ZRX-USD,BUY,0.264,1.594751245889129,10.0
2023-04-21T05:05:57.529788,CELO-USD,SELL,0.638,ZRX-USD,BUY,0.264,1.66318641920314,8.0
2023-04-21T05:06:01.001821,ZRX-USD,BUY,0.264,COMP-USD,SELL,41.0,-2.0840048900731114,12.0
2023-04-21T05:06:01.286743,ENJ-USD,SELL,0.405,RUNE-USD,BUY,1.495,1.5645751605523912,7.0
2023-04-21T05:06:04.633369,AAVE-USD,SELL,73.27,AVAX-USD,BUY,18.43,1.840871816754284,9.0
2023-04-21T05:06:04.856825,ZRX-USD,BUY,0.264,ALGO-USD,SELL,0.1903,-1.6581801213264862,10.0
2023-04-21T05:06:04.957427,ENJ-USD,SELL,0.405,ZRX-USD,BUY,0.264,1.829916635672762,11.0
2023-04-21T05:06:08.627306,ZRX-USD,BUY,0.264,DOGE-USD,SELL,0.0844,-1.851007119415891,21.0
2023-04-21T05:06:13.962524,ZRX-USD,BUY,0.264,1INCH-USD,SELL,0.516,-2.0328396222645653,12.0
2023-04-21T05:06:15.717567,RUNE-USD,SELL,1.495,ZRX-USD,BUY,0.264,1.594751245889129,10.0
2023-04-21T05:06:19.508225,COMP-USD,SELL,41.0,ALGO-USD,BUY,0.1903,1.6834314867644964,7.0
2023-04-21T05:06:21.096427,ZRX-USD,BUY,0.264,COMP-USD,SELL,41.0,-2.0840048900731114,12.0
2023-04-21T05:06:24.683637,ZRX-USD,BUY,0.264,ALGO-USD,SELL,0.1903,-1.6581801213264862,10.0
2023-04-21T05:06:28.114542,ZRX-USD,BUY,0.264,DOGE-USD,SELL,0.0844,-1.851007119415891,21.0
2023-04-21T05:06:30.518218,CELO-USD,SELL,0.638,ZRX-USD,BUY,0.264,1.66318641920314,8.0
2023-04-21T05:06:33.405847,ZRX-USD,BUY,0.264,1INCH-USD,SELL,0.516,-2.0328396222645653,12.0
2023-04-21T05:06:33.989043,ENJ-USD,SELL,0.405,RUNE-USD,BUY,1.495,1.5645751605523912,7.0
2023-04-21T05:06:37.537718,ENJ-USD,SELL,0.405,ZRX-USD,BUY,0.264,1.829916635672762,11.0
2023-04-21T05:06:38.585857,COMP-USD,SELL,41.0,ALGO-USD,BUY,0.1903,1.6834314867644964,7.0
2023-04-21T05:06:40.130637,FIL-USD,BUY,5.57,1INCH-USD,SELL,0.516,-1.7134330889899327,17.0
2023-04-21T05:06:45.624254,AAVE-USD,SELL,73.27,AVAX-USD,BUY,18.43,1.840871816754284,9.0
2023-04-21T05:06:48.360431,RUNE-USD,SELL,1.495,ZRX-USD,BUY,0.264,1.594751245889129,10.0
2023-04-21T05:06:53.618747,ZRX-USD,BUY,0.264,COMP-USD,SELL,41.0,-2.0840048900731114,12.0
2023-04-21T05:06:57.380634,ZRX-USD,BUY,0.264,ALGO-USD,SELL,0.1903,-1.6581801213264862,10.0
2023-04-21T05:07:00.846634,ZRX-USD,BUY,0.264,DOGE-USD,SELL,0.0843,-1.7021372309457516,21.0
2023-04-21T05:07:01.595504,CRV-USD,SELL,0.9542,AVAX-USD,BUY,18.27,2.118475970600229,10.0
2023-04-21T05:07:05.035260,AAVE-USD,SELL,73.27,AVAX-USD,BUY,18.27,2.697323333385108,9.0
2023-04-21T05:07:06.180725,ZRX-USD,BUY,0.264,1INCH-USD,SELL,0.516,-2.0328396222645653,12.0
2023-04-21T05:07:19.108271,FIL-USD,BUY,5.57,1INCH-USD,SELL,0.516,-1.7134330889899327,17.0
2023-04-21T05:07:22.651965,ZRX-USD,BUY,0.264,COMP-USD,SELL,40.7,-1.880020656740136,20.0
2023-04-21T05:07:26.184506,ZRX-USD,BUY,0.264,XLM-USD,SELL,0.0957,-2.2118114689318116,16.0
2023-04-21T05:07:29.791724,ZRX-USD,BUY,0.264,EOS-USD,SELL,1.088,-2.1569215069040197,23.0
2023-04-21T05:07:33.610682,CRV-USD,SELL,0.9542,AVAX-USD,BUY,18.27,2.118475970600229,10.0
2023-04-21T05:07:37.257160,AAVE-USD,SELL,73.27,AVAX-USD,BUY,18.27,2.697323333385108,9.0
2023-04-21T05:07:37.942504,FIL-USD,BUY,5.57,1INCH-USD,SELL,0.516,-1.7134330889899327,17.0
2023-04-21T05:07:41.377217,ZRX-USD,BUY,0.264,COMP-USD,SELL,40.7,-1.880020656740136,20.0
2023-04-21T05:07:44.631308,ZRX-USD,BUY,0.264,1INCH-USD,SELL,0.516,-2.082722692859582,20.0
2023-04-21T05:07:44.777894,ZRX-USD,BUY,0.264,XLM-USD,SELL,0.0957,-2.2118114689318116,16.0
2023-04-21T05:07:48.208324,ZRX-USD,BUY,0.264,EOS-USD,SELL,1.088,-2.1569215069040197,23.0
2023-04-21T05:08:02.668302,ZRX-USD,BUY,0.264,1INCH-USD,SELL,0.516,-2.082722692859582,20.0
2023-04-21T05:08:11.079666,FIL-USD,BUY,5.57,1INCH-USD,SELL,0.516,-1.7134330889899327,17.0
2023-04-21T05:08:12.271680,TRX-USD,BUY,0.0655,1INCH-USD,SELL,0.516,-1.531009666345169,17.0
2023-04-21T05:08:14.740718,ZRX-USD,BUY,0.264,COMP-USD,SELL,40.7,-1.880020656740136,20.0
2023-04-21T05:08:18.375436,ZRX-USD,BUY,0.264,XLM-USD,SELL,0.0957,-2.2118114689318116,16.0
2023-04-21T05:08:21.951877,COMP-USD,SELL,40.7,MATIC-USD,BUY,1.05,1.5056750662577973,7.0
2023-04-21T05:08:22.086974,ZRX-USD,BUY,0.264,EOS-USD,SELL,1.088,-2.1569215069040197,23.0
2023-04-21T05:08:27.761011,NEAR-USD,BUY,2.037,ADA-USD,SELL,0.404,-1.8616458010495531,12.0
2023-04-21T05:08:29.530422,TRX-USD,BUY,0.0655,1INCH-USD,SELL,0.516,-1.531009666345169,17.0
2023-04-21T05:08:31.454870,NEAR-USD,BUY,2.037,SOL-USD,SELL,22.306,-1.5243747612858827,21.0
2023-04-21T05:08:37.206634,ZRX-USD,BUY,0.264,1INCH-USD,SELL,0.516,-2.082722692859582,20.0
2023-04-21T05:08:38.368916,COMP-USD,SELL,40.7,MATIC-USD,BUY,1.05,1.5056750662577973,7.0
2023-04-21T05:08:39.183751,SUSHI-USD,BUY,1.077,1INCH-USD,SELL,0.516,-1.5529324801111282,12.0
2023-04-21T05:08:43.662184,NEAR-USD,BUY,2.045,ADA-USD,SELL,0.404,-1.5142273070104777,12.0
2023-04-21T05:08:52.562590,SUSHI-USD,BUY,1.077,1INCH-USD,SELL,0.516,-1.5529324801111282,12.0
2023-04-21T05:08:52.571468,LTC-USD,BUY,89.6,1INCH-USD,SELL,0.516,-2.0740276655242496,14.0
2023-04-21T05:09:05.047593,TRX-USD,BUY,0.0655,1INCH-USD,SELL,0.516,-1.531009666345169,17.0
2023-04-21T05:09:05.058592,LTC-USD,BUY,89.6,1INCH-USD,SELL,0.516,-2.0740276655242496,14.0
2023-04-21T05:09:14.330274,COMP-USD,SELL,40.7,MATIC-USD,BUY,1.05,1.5056750662577973,7.0
2023-04-21T05:09:19.961922,NEAR-USD,BUY,2.045,ADA-USD,SELL,0.404,-1.5142273070104777,12.0
2023-04-21T05:09:28.897379,SUSHI-USD,BUY,1.077,1INCH-USD,SELL,0.516,-1.5529324801111282,12.0
2023-04-21T05:09:33.172537,ZRX-USD,BUY,0.264,COMP-USD,SELL,40.7,-1.880020656740136,20.0
2023-04-21T05:09:36.939499,ZRX-USD,BUY,0.264,XLM-USD,SELL,0.0957,-2.2118114689318116,16.0
2023-04-21T05:09:40.598465,ZRX-USD,BUY,0.264,EOS-USD,SELL,1.088,-2.1569215069040197,23.0
2023-04-21T05:09:41.667792,LTC-USD,BUY,90.0,1INCH-USD,SELL,0.516,-1.6215860356310867,14.0
2023-04-21T05:09:43.281067,ZRX-USD,BUY,0.264,COMP-USD,SELL,40.7,-1.880020656740136,20.0
2023-04-21T05:09:45.451978,AAVE-USD,BUY,72.82,1INCH-USD,SELL,0.516,-1.6260043631723062,19.0
2023-04-21T05:09:46.712376,ZRX-USD,BUY,0.264,XLM-USD,SELL,0.0957,-2.2118114689318116,16.0
2023-04-21T05:09:50.345891,ZRX-USD,BUY,0.264,EOS-USD,SELL,1.088,-2.1569215069040197,23.0
2023-04-21T05:09:55.891621,ZRX-USD,BUY,0.264,1INCH-USD,SELL,0.516,-2.082722692859582,20.0
2023-04-21T05:10:05.052701,ZRX-USD,BUY,0.264,1INCH-USD,SELL,0.516,-2.082722692859582,20.0
2023-04-21T05:10:22.440308,ZRX-USD,BUY,0.264,COMP-USD,SELL,40.7,-1.880020656740136,20.0
2023-04-21T05:10:24.432580,TRX-USD,BUY,0.0655,1INCH-USD,SELL,0.516,-1.531009666345169,17.0
2023-04-21T05:10:25.965243,ZRX-USD,BUY,0.264,XLM-USD,SELL,0.0957,-2.2118114689318116,16.0
2023-04-21T05:10:29.779074,ZRX-USD,BUY,0.264,EOS-USD,SELL,1.088,-2.1569215069040197,23.0
2023-04-21T05:10:31.626482,TRX-USD,BUY,0.0655,1INCH-USD,SELL,0.516,-1.531009666345169,17.0
2023-04-21T05:10:33.768281,COMP-USD,SELL,40.7,MATIC-USD,BUY,1.05,1.5056750662577973,7.0
2023-04-21T05:10:39.259313,NEAR-USD,BUY,2.045,ADA-USD,SELL,0.404,-1.5142273070104777,12.0
2023-04-21T05:10:40.699649,COMP-USD,SELL,40.7,MATIC-USD,BUY,1.05,1.5056750662577973,7.0
2023-04-21T05:10:44.520078,ZRX-USD,BUY,0.264,1INCH-USD,SELL,0.516,-2.082722692859582,20.0
2023-04-21T05:10:46.148403,NEAR-USD,BUY,2.045,ADA-USD,SELL,0.404,-1.5142273070104777,12.0
2023-04-21T05:10:48.888415,SUSHI-USD,BUY,1.077,1INCH-USD,SELL,0.516,-1.5529324801111282,12.0
2023-04-21T05:10:54.825411,SUSHI-USD,BUY,1.077,1INCH-USD,SELL,0.516,-1.5529324801111282,12.0
2023-04-21T05:11:01.982187,LTC-USD,BUY,90.0,1INCH-USD,SELL,0.516,-1.6215860356310867,14.0
2023-04-21T05:11:05.755375,AAVE-USD,BUY,72.82,1INCH-USD,SELL,0.516,-1.6260043631723062,19.0
2023-04-21T05:11:07.107985,LTC-USD,BUY,90.0,1INCH-USD,SELL,0.516,-1.6215860356310867,14.0
2023-04-21T05:11:10.551683,AAVE-USD,BUY,72.82,1INCH-USD,SELL,0.516,-1.6260043631723062,19.0
2023-04-21T05:11:12.515700,TRX-USD,BUY,0.0655,1INCH-USD,SELL,0.516,-1.531009666345169,17.0
2023-04-21T05:11:43.854281,ZRX-USD,BUY,0.264,COMP-USD,SELL,40.7,-1.880020656740136,20.0
2023-04-21T05:11:46.839571,ZRX-USD,BUY,0.264,COMP-USD,SELL,40.7,-1.880020656740136,20.0
2023-04-21T05:11:47.640735,ZRX-USD,BUY,0.264,XLM-USD,SELL,0.0957,-2.2118114689318116,16.0
2023-04-21T05:11:50.405557,ZRX-USD,BUY,0.264,XLM-USD,SELL,0.0957,-2.2118114689318116,16.0
2023-04-21T05:11:51.429592,ZRX-USD,BUY,0.264,EOS-USD,SELL,1.088,-2.1569215069040197,23.0
2023-04-21T05:11:54.016008,ZRX-USD,BUY,0.264,EOS-USD,SELL,1.088,-2.1569215069040197,23.0
2023-04-21T05:12:06.952440,ZRX-USD,BUY,0.264,1INCH-USD,SELL,0.516,-2.082722692859582,20.0
2023-04-21T05:12:07.913702,ZRX-USD,BUY,0.264,1INCH-USD,SELL,0.516,-2.082722692859582,20.0
2023-04-21T05:12:34.948449,TRX-USD,BUY,0.0655,1INCH-USD,SELL,0.516,-1.531009666345169,17.0
2023-04-21T05:12:35.875421,TRX-USD,BUY,0.0655,1INCH-USD,SELL,0.516,-1.531009666345169,17.0
2023-04-21T05:12:44.065882,COMP-USD,SELL,40.7,MATIC-USD,BUY,1.05,1.5056750662577973,7.0
2023-04-21T05:12:45.692463,COMP-USD,SELL,40.7,MATIC-USD,BUY,1.05,1.5056750662577973,7.0
2023-04-21T05:12:49.524668,NEAR-USD,BUY,2.045,ADA-USD,SELL,0.404,-1.5142273070104777,12.0
2023-04-21T05:12:51.591237,NEAR-USD,BUY,2.045,ADA-USD,SELL,0.404,-1.5142273070104777,12.0
2023-04-21T05:12:58.880555,SUSHI-USD,BUY,1.077,1INCH-USD,SELL,0.516,-1.5529324801111282,12.0
2023-04-21T05:13:01.029320,SUSHI-USD,BUY,1.077,1INCH-USD,SELL,0.516,-1.5529324801111282,12.0
2023-04-21T05:13:11.206132,LTC-USD,BUY,89.6,1INCH-USD,SELL,0.516,-2.0740276655242496,14.0
2023-04-21T05:13:14.243461,LTC-USD,BUY,89.6,1INCH-USD,SELL,0.516,-2.0740276655242496,14.0
2023-04-21T05:13:47.148653,FIL-USD,BUY,5.56,1INCH-USD,SELL,0.516,-1.8184499337385536,17.0
2023-04-21T05:13:50.610616,ZRX-USD,BUY,0.264,COMP-USD,SELL,40.7,-1.880020656740136,20.0
2023-04-21T05:13:52.903248,FIL-USD,BUY,5.56,1INCH-USD,SELL,0.516,-1.8184499337385536,17.0
2023-04-21T05:13:54.236404,ZRX-USD,BUY,0.264,XLM-USD,SELL,0.0957,-2.2118114689318116,16.0
2023-04-21T05:13:56.578612,ZRX-USD,BUY,0.264,COMP-USD,SELL,40.7,-1.880020656740136,20.0
2023-04-21T05:13:57.711073,ZRX-USD,BUY,0.264,EOS-USD,SELL,1.088,-2.1569215069040197,23.0
2023-04-21T05:14:00.270638,ZRX-USD,BUY,0.264,XLM-USD,SELL,0.0957,-2.2118114689318116,16.0
2023-04-21T05:14:03.868671,ZRX-USD,BUY,0.264,EOS-USD,SELL,1.088,-2.1569215069040197,23.0
2023-04-21T05:14:11.970181,ZRX-USD,BUY,0.264,1INCH-USD,SELL,0.516,-2.082722692859582,20.0
2023-04-21T05:14:19.789326,ZRX-USD,BUY,0.264,1INCH-USD,SELL,0.516,-2.082722692859582,20.0
2023-04-21T05:14:47.830648,TRX-USD,BUY,0.0655,1INCH-USD,SELL,0.516,-1.531009666345169,17.0
2023-04-21T05:14:57.386932,COMP-USD,SELL,40.7,MATIC-USD,BUY,1.05,1.5056750662577973,7.0
2023-04-21T05:15:02.765370,NEAR-USD,BUY,2.037,ADA-USD,SELL,0.404,-1.8616458010495531,12.0
2023-04-21T05:15:12.018193,SUSHI-USD,BUY,1.077,1INCH-USD,SELL,0.516,-1.5529324801111282,12.0
2023-04-21T05:15:24.941111,LTC-USD,BUY,89.6,1INCH-USD,SELL,0.516,-2.0740276655242496,14.0
2023-04-21T05:16:03.692331,FIL-USD,BUY,5.56,1INCH-USD,SELL,0.516,-1.8184499337385536,17.0
2023-04-21T05:16:07.341760,ZRX-USD,BUY,0.264,COMP-USD,SELL,40.7,-1.880020656740136,20.0
2023-04-21T05:16:10.894556,ZRX-USD,BUY,0.264,XLM-USD,SELL,0.0957,-2.2118114689318116,16.0
2023-04-21T05:16:14.852047,ZRX-USD,BUY,0.264,EOS-USD,SELL,1.088,-2.1569215069040197,23.0
2023-04-21T05:16:30.278481,ZRX-USD,BUY,0.264,1INCH-USD,SELL,0.516,-2.082722692859582,20.0
2023-04-21T05:16:58.612285,TRX-USD,BUY,0.0655,1INCH-USD,SELL,0.516,-1.531009666345169,17.0
2023-04-21T05:17:07.518682,COMP-USD,SELL,40.7,MATIC-USD,BUY,1.05,1.5056750662577973,7.0
2023-04-21T05:17:13.273807,NEAR-USD,BUY,2.037,ADA-USD,SELL,0.404,-1.8616458010495531,12.0
2023-04-21T05:17:22.641637,SUSHI-USD,BUY,1.077,1INCH-USD,SELL,0.516,-1.5529324801111282,12.0
2023-04-21T05:17:35.982924,LTC-USD,BUY,89.6,1INCH-USD,SELL,0.516,-2.0740276655242496,14.0
2023-04-21T05:18:16.831765,ZRX-USD,BUY,0.264,COMP-USD,SELL,40.7,-1.880020656740136,20.0
2023-04-21T05:18:20.349021,ZRX-USD,BUY,0.264,XLM-USD,SELL,0.0957,-2.2118114689318116,16.0
2023-04-21T05:18:24.007265,ZRX-USD,BUY,0.264,EOS-USD,SELL,1.088,-2.1569215069040197,23.0
2023-04-21T05:18:40.065843,ZRX-USD,BUY,0.264,1INCH-USD,SELL,0.514,-1.905494598128652,20.0
2023-04-21T05:19:16.513311,COMP-USD,SELL,40.7,MATIC-USD,BUY,1.05,1.5056750662577973,7.0
2023-04-21T05:19:22.006519,NEAR-USD,BUY,2.045,ADA-USD,SELL,0.404,-1.5142273070104777,12.0
2023-04-21T05:19:43.545608,LTC-USD,BUY,89.6,1INCH-USD,SELL,0.514,-1.6850622711689356,14.0
2023-04-21T11:09:55.737038,AAVE-USD,BUY,71.43,1INCH-USD,SELL,0.512,-1.6421021776740996,19.0
2023-04-21T11:10:57.713240,RUNE-USD,BUY,1.467,SUSHI-USD,SELL,1.063,-1.5689346646402067,21.0
2023-04-21T11:11:36.173586,RUNE-USD,BUY,1.467,CRV-USD,SELL,0.9435,-2.294987910976886,17.0
2023-04-21T11:13:47.277042,RUNE-USD,BUY,1.467,SUSHI-USD,SELL,1.063,-1.5689346646402067,21.0
2023-04-21T11:14:25.881292,RUNE-USD,BUY,1.467,CRV-USD,SELL,0.9435,-2.294987910976886,17.0
2023-04-21T11:16:37.499805,RUNE-USD,BUY,1.467,SUSHI-USD,SELL,1.063,-1.5689346646402067,21.0
2023-04-21T11:17:16.080269,RUNE-USD,BUY,1.467,CRV-USD,SELL,0.9435,-2.294987910976886,17.0
2023-04-21T11:19:26.932130,RUNE-USD,BUY,1.467,SUSHI-USD,SELL,1.063,-1.5689346646402067,21.0
2023-04-21T11:20:05.419490,RUNE-USD,BUY,1.467,CRV-USD,SELL,0.9435,-2.294987910976886,17.0
2023-04-21T11:22:16.745249,RUNE-USD,BUY,1.467,SUSHI-USD,SELL,1.063,-1.5689346646402067,21.0
2023-04-21T11:22:55.304818,RUNE-USD,BUY,1.467,CRV-USD,SELL,0.9435,-2.294987910976886,17.0
2023-04-21T11:25:06.435673,RUNE-USD,BUY,1.467,SUSHI-USD,SELL,1.063,-1.5689346646402067,21.0
2023-04-21T11:25:45.072848,RUNE-USD,BUY,1.467,CRV-USD,SELL,0.9435,-2.294987910976886,17.0
2023-04-21T11:27:56.144682,RUNE-USD,BUY,1.464,SUSHI-USD,SELL,1.063,-1.871473601180639,21.0
2023-04-21T11:28:34.640991,RUNE-USD,BUY,1.47,CRV-USD,SELL,0.9435,-2.051884510656181,17.0
2023-04-21T11:30:20.266322,AAVE-USD,BUY,71.4,1INCH-USD,SELL,0.512,-1.6666279528688266,19.0
2023-04-21T11:31:24.240404,RUNE-USD,BUY,1.47,CRV-USD,SELL,0.9435,-2.051884510656181,17.0
2023-04-21T11:33:10.251167,AAVE-USD,BUY,71.59,1INCH-USD,SELL,0.512,-1.5082399323740072,19.0
2023-04-21T11:33:59.880671,ZEC-USD,SELL,37.9,FIL-USD,BUY,5.5,1.5955762808072536,9.0
2023-04-21T11:34:49.160828,RUNE-USD,BUY,1.465,SUSHI-USD,SELL,1.063,-1.7739036946836926,21.0
2023-04-21T11:35:27.740152,RUNE-USD,BUY,1.473,CRV-USD,SELL,0.9435,-1.7815487813520483,17.0
2023-04-21T11:36:33.000405,TRX-USD,SELL,0.0652,SUSHI-USD,BUY,1.06,1.7678692486940601,19.0
2023-04-21T11:37:38.088351,SUSHI-USD,BUY,1.06,1INCH-USD,SELL,0.513,-1.5077601503673546,10.0
2023-04-21T11:39:10.742319,AAVE-USD,BUY,71.45,1INCH-USD,SELL,0.511,-1.5043445117139014,19.0
2023-04-21T11:40:03.404634,ZEC-USD,SELL,37.9,FIL-USD,BUY,5.5,1.5955762808072536,9.0
2023-04-21T11:46:40.190686,RUNE-USD,BUY,1.464,SUSHI-USD,SELL,1.064,-2.0022399819890193,18.0
2023-04-21T11:47:18.794629,RUNE-USD,BUY,1.464,CRV-USD,SELL,0.9435,-2.5117586706097645,16.0
2023-04-21T11:48:43.274710,NEAR-USD,BUY,2.005,ADA-USD,SELL,0.402,-1.8423386128866095,11.0
2023-04-21T11:49:25.328523,SUSHI-USD,SELL,1.064,AAVE-USD,BUY,71.17,2.045273619367028,11.0
2023-04-21T11:50:33.918083,ZEC-USD,SELL,37.9,FIL-USD,BUY,5.49,1.736661905663698,9.0
2023-04-21T11:51:26.979522,RUNE-USD,BUY,1.464,SUSHI-USD,SELL,1.064,-2.0022399819890193,18.0
2023-04-21T11:52:05.649337,RUNE-USD,BUY,1.464,CRV-USD,SELL,0.9435,-2.5117586706097645,16.0
2023-04-21T11:53:51.264975,AAVE-USD,BUY,71.46,1INCH-USD,SELL,0.512,-1.6172943397518442,19.0
2023-04-21T11:54:40.816635,ETC-USD,SELL,19.95,YFI-USD,BUY,8148.0,2.0734222646050666,9.0
2023-04-21T11:55:37.700250,RUNE-USD,BUY,1.47,CRV-USD,SELL,0.9435,-2.051852126638496,16.0
2023-04-21T11:56:28.886196,TRX-USD,SELL,0.0652,YFI-USD,BUY,8148.0,2.268370339395297,22.0
2023-04-21T11:57:32.022734,YFI-USD,BUY,8148.0,XMR-USD,SELL,154.2,-2.3905473677225473,18.0
2023-04-21T11:58:21.649697,SUSHI-USD,SELL,1.064,AAVE-USD,BUY,71.29,1.7823250789509337,11.0
2023-04-21T11:59:15.123687,AAVE-USD,BUY,71.45,1INCH-USD,SELL,0.512,-1.6255499694159299,19.0
2023-04-21T12:00:05.526248,ETC-USD,SELL,19.96,YFI-USD,BUY,8148.0,2.17206747187638,9.0
2023-04-21T12:01:02.507072,RUNE-USD,BUY,1.47,CRV-USD,SELL,0.9435,-1.9822112414146908,16.0
2023-04-21T12:01:53.886854,TRX-USD,SELL,0.0652,YFI-USD,BUY,8148.0,1.961644820220739,22.0
2023-04-21T12:02:40.073357,TRX-USD,SELL,0.0652,SUSHI-USD,BUY,1.058,2.0708325552453806,20.0
2023-04-21T12:03:33.298127,YFI-USD,BUY,8148.0,XMR-USD,SELL,154.2,-2.2498559866501076,18.0
2023-04-21T12:04:17.610236,NEAR-USD,BUY,2.01,ADA-USD,SELL,0.402,-1.553943706744549,11.0
2023-04-21T12:05:30.641267,ZEC-USD,SELL,37.9,FIL-USD,BUY,5.49,1.6378236350613262,9.0
2023-04-21T12:06:25.924990,RUNE-USD,BUY,1.463,CRV-USD,SELL,0.9435,-2.5574557580287585,16.0
2023-04-21T12:07:17.709251,TRX-USD,SELL,0.0652,YFI-USD,BUY,8166.0,1.6167904807631157,22.0
2023-04-21T12:07:56.236716,TRX-USD,SELL,0.0652,COMP-USD,BUY,39.9,2.407573473442531,16.0
2023-04-21T12:08:40.365594,TRX-USD,SELL,0.0652,SUSHI-USD,BUY,1.055,2.4353011378285316,20.0
2023-04-21T12:09:22.968029,TRX-USD,SELL,0.0652,DOT-USD,BUY,6.02,2.499038963434466,12.0
2023-04-21T12:10:05.429280,TRX-USD,SELL,0.0652,UNI-USD,BUY,5.661,3.100348218878803,12.0
2023-04-21T12:10:43.965245,TRX-USD,SELL,0.0652,MATIC-USD,BUY,1.0311,2.334455975223109,14.0
2023-04-21T12:11:31.864816,NEAR-USD,BUY,2.007,ADA-USD,SELL,0.402,-1.6755985843066026,11.0
2023-04-21T12:12:14.270085,SUSHI-USD,SELL,1.059,AAVE-USD,BUY,70.92,1.7195171673159462,11.0
2023-04-21T12:12:55.103723,ADA-USD,SELL,0.402,ETH-USD,BUY,1903.1,1.626836906038865,10.0
2023-04-21T12:14:03.042506,MKR-USD,BUY,699.0,ADA-USD,SELL,0.402,-1.5279945758701456,12.0
2023-04-21T12:14:58.107534,ZRX-USD,BUY,0.263,XLM-USD,SELL,0.0956,-2.1288960152974084,17.0
2023-04-21T12:15:46.244681,TRX-USD,SELL,0.0652,YFI-USD,BUY,8128.0,2.2972852036903024,22.0
2023-04-21T12:16:24.681031,TRX-USD,SELL,0.0652,COMP-USD,BUY,39.9,2.407573473442531,16.0
2023-04-21T12:17:08.285182,TRX-USD,SELL,0.0652,SUSHI-USD,BUY,1.059,1.9347815271375355,20.0
2023-04-21T12:17:50.935001,TRX-USD,SELL,0.0652,DOT-USD,BUY,6.05,1.9045913434032977,12.0
2023-04-21T12:18:32.633331,TRX-USD,SELL,0.0652,UNI-USD,BUY,5.689,2.5768048603637075,12.0
2023-04-21T12:19:10.835355,TRX-USD,SELL,0.0652,MATIC-USD,BUY,1.0353,1.8621492226036254,14.0
2023-04-21T12:20:03.978611,SUSHI-USD,SELL,1.059,AAVE-USD,BUY,70.92,1.7195171673159462,11.0
2023-04-21T12:20:57.123249,AAVE-USD,BUY,70.92,1INCH-USD,SELL,0.51,-1.6703561987577555,19.0
2023-04-21T12:21:46.669116,ETC-USD,SELL,19.94,YFI-USD,BUY,8128.0,2.4157053070347088,9.0
2023-04-21T12:22:46.853773,ZRX-USD,BUY,0.263,XLM-USD,SELL,0.0956,-2.1288960152974084,17.0
2023-04-21T12:23:34.440347,TRX-USD,SELL,0.0652,YFI-USD,BUY,8128.0,2.2972852036903024,22.0
2023-04-21T12:24:12.872164,TRX-USD,SELL,0.0652,COMP-USD,BUY,39.9,2.407573473442531,16.0
2023-04-21T12:24:56.720290,TRX-USD,SELL,0.0652,SUSHI-USD,BUY,1.059,1.9347815271375355,20.0
2023-04-21T12:25:39.303598,TRX-USD,SELL,0.0652,DOT-USD,BUY,6.06,1.6690121830959563,12.0
2023-04-21T12:26:21.497404,TRX-USD,SELL,0.0652,UNI-USD,BUY,5.689,2.5768048603637075,12.0
2023-04-21T12:27:00.189438,TRX-USD,SELL,0.0652,MATIC-USD,BUY,1.0353,1.8621492226036254,14.0
2023-04-21T12:27:53.845481,SUSHI-USD,SELL,1.059,AAVE-USD,BUY,70.92,1.7195171673159462,11.0
2023-04-21T12:28:47.258576,AAVE-USD,BUY,70.92,1INCH-USD,SELL,0.51,-1.6703561987577555,19.0
2023-04-21T12:29:36.893219,ETC-USD,SELL,19.94,YFI-USD,BUY,8128.0,2.4157053070347088,9.0
2023-04-21T12:30:36.991163,ZRX-USD,BUY,0.263,XLM-USD,SELL,0.0956,-2.1288960152974084,17.0
2023-04-21T12:31:24.558036,TRX-USD,SELL,0.0652,YFI-USD,BUY,8128.0,2.2972852036903024,22.0
2023-04-21T12:32:02.879940,TRX-USD,SELL,0.0652,COMP-USD,BUY,39.9,2.407573473442531,16.0
2023-04-21T12:32:46.789570,TRX-USD,SELL,0.0652,SUSHI-USD,BUY,1.059,1.9347815271375355,20.0
2023-04-21T12:33:29.265706,TRX-USD,SELL,0.0652,DOT-USD,BUY,6.06,1.6690121830959563,12.0
2023-04-21T12:34:11.703418,TRX-USD,SELL,0.0652,UNI-USD,BUY,5.689,2.5768048603637075,12.0
2023-04-21T12:34:50.134692,TRX-USD,SELL,0.0652,MATIC-USD,BUY,1.0353,1.8621492226036254,14.0
2023-04-21T12:35:30.961113,YFI-USD,BUY,8128.0,XMR-USD,SELL,153.7,-2.14949559237305,18.0
2023-04-21T12:36:20.718324,SUSHI-USD,SELL,1.059,AAVE-USD,BUY,70.92,1.7195171673159462,11.0
2023-04-21T12:37:15.478854,AAVE-USD,BUY,70.92,1INCH-USD,SELL,0.51,-1.6703561987577555,19.0
2023-04-21T12:38:05.671960,ETC-USD,SELL,19.94,YFI-USD,BUY,8128.0,2.4157053070347088,9.0
2023-04-21T12:38:54.980770,ZRX-USD,BUY,0.263,XLM-USD,SELL,0.0956,-2.1288960152974084,17.0
2023-04-21T12:39:33.847794,ZRX-USD,BUY,0.263,DOGE-USD,SELL,0.0841,-1.5382460483441507,16.0
2023-04-21T12:40:13.435129,TRX-USD,SELL,0.0652,YFI-USD,BUY,8128.0,2.2972852036903024,22.0
2023-04-21T12:46:11.437417,XTZ-USD,SELL,1.038,COMP-USD,BUY,39.9,2.3155396753893,9.0
2023-04-21T12:46:51.847730,XTZ-USD,SELL,1.038,UNI-USD,BUY,5.689,1.74494730399791,9.0
2023-04-21T12:47:30.367220,XTZ-USD,SELL,1.041,MATIC-USD,BUY,1.0353,1.8384262584321167,11.0
2023-04-21T12:48:08.818829,ETC-USD,SELL,19.99,YFI-USD,BUY,8128.0,2.8113197622923445,9.0
2023-04-21T12:49:05.047876,ZRX-USD,BUY,0.263,XLM-USD,SELL,0.0956,-2.128914284535449,16.0
2023-04-21T12:49:47.032734,ZRX-USD,BUY,0.263,DOGE-USD,SELL,0.0841,-1.5382900822155974,16.0
2023-04-21T12:50:27.339087,TRX-USD,SELL,0.0652,YFI-USD,BUY,8128.0,2.297288394140288,22.0
2023-04-21T12:51:05.879378,TRX-USD,SELL,0.0652,COMP-USD,BUY,39.9,2.4076035096140624,17.0
2023-04-21T12:51:49.594167,TRX-USD,SELL,0.0652,SUSHI-USD,BUY,1.059,1.9347996534029859,20.0
2023-04-21T12:52:31.614683,TRX-USD,SELL,0.0652,DOT-USD,BUY,6.06,1.6690397800662669,12.0
2023-04-21T12:53:13.841530,TRX-USD,SELL,0.0652,UNI-USD,BUY,5.689,2.5767770263130845,13.0
2023-04-21T12:53:52.725715,TRX-USD,SELL,0.0652,MATIC-USD,BUY,1.0353,1.8621972548156207,15.0
2023-04-21T12:54:33.091976,YFI-USD,BUY,8128.0,XMR-USD,SELL,153.7,-2.1495921820895574,19.0
2023-04-21T12:55:43.353156,XTZ-USD,SELL,1.038,COMP-USD,BUY,39.9,2.3155396753893,9.0
2023-04-21T12:56:23.725238,XTZ-USD,SELL,1.038,UNI-USD,BUY,5.689,1.74494730399791,9.0
2023-04-21T12:57:02.209215,XTZ-USD,SELL,1.038,MATIC-USD,BUY,1.0353,1.566351922393169,11.0
2023-04-21T12:57:40.800167,ETC-USD,SELL,19.93,YFI-USD,BUY,8128.0,2.3241173369918737,9.0
2023-04-21T12:58:36.877680,ZRX-USD,BUY,0.263,XLM-USD,SELL,0.0956,-2.128914284535449,16.0
2023-04-21T12:59:19.251048,ZRX-USD,BUY,0.263,DOGE-USD,SELL,0.0841,-1.5382900822155974,16.0
2023-04-21T12:59:59.549100,TRX-USD,SELL,0.0652,YFI-USD,BUY,8128.0,2.297288394140288,22.0
2023-04-21T13:00:38.069945,TRX-USD,SELL,0.0652,COMP-USD,BUY,39.9,2.0309486842768063,17.0
2023-04-21T13:01:21.914502,TRX-USD,SELL,0.0652,SUSHI-USD,BUY,1.059,1.6885882935363625,20.0
2023-04-21T13:02:03.997248,TRX-USD,SELL,0.0652,DOT-USD,BUY,6.06,1.6061506970837585,12.0
2023-04-21T13:02:46.122559,TRX-USD,SELL,0.0652,UNI-USD,BUY,5.689,2.3259027425109253,13.0
2023-04-21T13:03:24.829398,TRX-USD,SELL,0.0652,MATIC-USD,BUY,1.0353,1.6354835442325613,15.0
2023-04-21T13:04:05.187618,YFI-USD,BUY,8128.0,XMR-USD,SELL,153.7,-1.872695212317989,19.0
2023-04-21T13:05:15.616987,XTZ-USD,SELL,1.038,COMP-USD,BUY,39.9,2.022886876415345,9.0
2023-04-21T13:05:56.022200,XTZ-USD,SELL,1.038,UNI-USD,BUY,5.689,1.706880787216712,9.0
2023-04-21T13:06:36.531915,ETC-USD,SELL,19.93,YFI-USD,BUY,8128.0,2.1178473480362565,9.0
2023-04-21T13:07:32.594991,ZRX-USD,BUY,0.263,XLM-USD,SELL,0.0956,-1.843085621033805,16.0
2023-04-21T13:08:18.288838,TRX-USD,SELL,0.0652,YFI-USD,BUY,8128.0,1.968642816982064,22.0
2023-04-21T13:08:56.992148,TRX-USD,SELL,0.0652,COMP-USD,BUY,39.9,2.0309486842768063,17.0
2023-04-21T13:09:40.764684,TRX-USD,SELL,0.0652,SUSHI-USD,BUY,1.059,1.6885882935363625,20.0
2023-04-21T13:10:22.797004,TRX-USD,SELL,0.0652,DOT-USD,BUY,6.06,1.6061506970837585,12.0
2023-04-21T13:11:04.873639,TRX-USD,SELL,0.0652,UNI-USD,BUY,5.689,2.3259027425109253,13.0
2023-04-21T13:11:43.434512,TRX-USD,SELL,0.0652,MATIC-USD,BUY,1.0353,1.6354835442325613,15.0
2023-04-21T13:12:23.612162,YFI-USD,BUY,8128.0,XMR-USD,SELL,153.7,-1.872695212317989,19.0
2023-04-21T13:13:34.069560,XTZ-USD,SELL,1.038,COMP-USD,BUY,39.9,2.022886876415345,9.0
2023-04-21T13:14:14.344325,XTZ-USD,SELL,1.038,UNI-USD,BUY,5.689,1.706880787216712,9.0
2023-04-21T13:14:54.634193,ETC-USD,SELL,19.93,YFI-USD,BUY,8128.0,2.1178473480362565,9.0
2023-04-21T13:15:51.228970,ZRX-USD,BUY,0.263,XLM-USD,SELL,0.0959,-2.212417217772377,16.0
2023-04-21T13:16:36.844421,TRX-USD,SELL,0.0652,YFI-USD,BUY,8128.0,1.968642816982064,22.0
2023-04-21T13:17:15.316680,TRX-USD,SELL,0.0652,COMP-USD,BUY,39.9,2.0309486842768063,17.0
2023-04-21T13:17:54.017528,TRX-USD,BUY,0.0652,XLM-USD,SELL,0.0959,-1.8234986834184548,19.0
2023-04-21T13:18:36.186072,TRX-USD,SELL,0.0652,SUSHI-USD,BUY,1.059,1.6885882935363625,20.0
2023-04-21T13:19:18.435666,TRX-USD,SELL,0.0652,DOT-USD,BUY,6.06,1.6061506970837585,12.0
2023-04-21T13:20:00.489892,TRX-USD,SELL,0.0652,UNI-USD,BUY,5.689,2.3259027425109253,13.0
2023-04-21T13:20:39.194472,TRX-USD,SELL,0.0652,MATIC-USD,BUY,1.0353,1.6354835442325613,15.0
2023-04-21T13:21:19.634814,YFI-USD,BUY,8128.0,XMR-USD,SELL,153.7,-1.872695212317989,19.0
2023-04-21T13:22:29.652729,XTZ-USD,SELL,1.038,COMP-USD,BUY,39.9,2.022886876415345,9.0
2023-04-21T13:23:09.905540,XTZ-USD,SELL,1.038,UNI-USD,BUY,5.689,1.706880787216712,9.0
2023-04-21T13:23:50.340075,ETC-USD,SELL,19.93,YFI-USD,BUY,8128.0,2.1178473480362565,9.0
2023-04-21T13:24:46.791816,ZRX-USD,BUY,0.263,XLM-USD,SELL,0.0959,-2.212417217772377,16.0
2023-04-21T13:25:32.530942,TRX-USD,SELL,0.0652,YFI-USD,BUY,8128.0,1.968642816982064,22.0
2023-04-21T13:26:11.068007,TRX-USD,SELL,0.0652,COMP-USD,BUY,39.9,2.0309486842768063,17.0
2023-04-21T13:26:49.565570,TRX-USD,BUY,0.0652,XLM-USD,SELL,0.0959,-1.8234986834184548,19.0
2023-04-21T13:27:31.637083,TRX-USD,SELL,0.0652,SUSHI-USD,BUY,1.059,1.6885882935363625,20.0
2023-04-21T13:28:13.666296,TRX-USD,SELL,0.0652,DOT-USD,BUY,6.06,1.6061506970837585,12.0
2023-04-21T13:28:55.907568,TRX-USD,SELL,0.0652,UNI-USD,BUY,5.689,2.3259027425109253,13.0
2023-04-21T13:29:34.688564,TRX-USD,SELL,0.0652,MATIC-USD,BUY,1.0353,1.6354835442325613,15.0
2023-04-21T13:30:14.941887,YFI-USD,BUY,8128.0,XMR-USD,SELL,153.7,-1.872695212317989,19.0
2023-04-21T13:31:25.796115,XTZ-USD,SELL,1.038,COMP-USD,BUY,39.9,2.022886876415345,9.0
2023-04-21T13:32:06.016280,XTZ-USD,SELL,1.038,UNI-USD,BUY,5.689,1.706880787216712,9.0
2023-04-21T13:32:46.531097,ETC-USD,SELL,19.93,YFI-USD,BUY,8128.0,2.1178473480362565,9.0
2023-04-21T13:33:43.219306,ZRX-USD,BUY,0.263,XLM-USD,SELL,0.0959,-2.212417217772377,16.0
2023-04-21T13:34:29.015368,TRX-USD,SELL,0.0652,YFI-USD,BUY,8128.0,1.968642816982064,22.0
2023-04-21T13:35:07.496434,TRX-USD,SELL,0.0652,COMP-USD,BUY,39.9,2.0309486842768063,17.0
2023-04-21T13:35:45.998003,TRX-USD,BUY,0.0652,XLM-USD,SELL,0.0961,-2.2356291096846794,19.0
2023-04-21T13:36:28.069284,TRX-USD,SELL,0.0652,SUSHI-USD,BUY,1.059,1.6885882935363625,20.0
2023-04-21T13:37:10.219027,TRX-USD,SELL,0.0652,DOT-USD,BUY,6.06,1.6061506970837585,12.0
2023-04-21T13:37:52.240497,TRX-USD,SELL,0.0652,UNI-USD,BUY,5.689,2.3259027425109253,13.0
2023-04-21T13:38:30.961696,TRX-USD,SELL,0.0652,MATIC-USD,BUY,1.0353,1.6354835442325613,15.0
2023-04-21T13:39:11.345916,YFI-USD,BUY,8128.0,XMR-USD,SELL,153.7,-1.872695212317989,19.0
2023-04-21T13:46:13.006917,XTZ-USD,SELL,1.049,UNI-USD,BUY,5.738,1.8839300984065042,9.0
2023-04-21T13:46:51.762548,XTZ-USD,SELL,1.046,MATIC-USD,BUY,1.0353,2.0928087908032547,11.0
2023-04-21T13:47:58.797719,TRX-USD,SELL,0.0652,COMP-USD,BUY,39.9,2.03097172517948,17.0
2023-04-21T13:48:37.408574,TRX-USD,BUY,0.0652,XLM-USD,SELL,0.0962,-2.415972637936256,19.0
2023-04-21T13:49:19.500406,TRX-USD,SELL,0.0652,SUSHI-USD,BUY,1.059,1.6886035747988895,20.0
2023-04-21T13:50:01.576203,TRX-USD,SELL,0.0652,DOT-USD,BUY,6.06,1.606176671537346,12.0
2023-04-21T13:50:45.370306,TRX-USD,SELL,0.0652,MATIC-USD,BUY,1.0353,1.6355229884060443,15.0
2023-04-21T13:51:27.409339,COMP-USD,BUY,39.9,MATIC-USD,SELL,1.0461,-1.7937937756466842,7.0
2023-04-21T13:52:37.644549,XTZ-USD,SELL,1.046,UNI-USD,BUY,5.726,1.8144796796056024,9.0
2023-04-21T13:53:48.152910,TRX-USD,BUY,0.0652,XLM-USD,SELL,0.0962,-2.415972637936256,19.0
2023-04-21T13:54:35.364181,TRX-USD,SELL,0.0652,DOT-USD,BUY,6.06,1.606176671537346,12.0
2023-04-21T13:55:58.142036,XTZ-USD,SELL,1.046,UNI-USD,BUY,5.726,1.8144796796056024,9.0
2023-04-21T13:57:08.525075,TRX-USD,BUY,0.0652,XLM-USD,SELL,0.0962,-2.415972637936256,19.0
2023-04-21T13:57:55.865907,TRX-USD,SELL,0.0652,DOT-USD,BUY,6.06,1.606176671537346,12.0
2023-04-21T13:59:18.910358,XTZ-USD,SELL,1.046,UNI-USD,BUY,5.726,1.8144796796056024,9.0
2023-04-21T14:00:02.709549,MKR-USD,SELL,709.0,NEAR-USD,BUY,2.015,1.5027574741957745,14.0
2023-04-21T14:01:06.092737,TRX-USD,BUY,0.0652,XLM-USD,SELL,0.0962,-2.083662326791428,19.0
2023-04-21T14:01:53.505233,TRX-USD,SELL,0.0652,DOT-USD,BUY,6.06,1.7310877965684568,12.0
2023-04-21T14:03:16.458854,XTZ-USD,SELL,1.046,UNI-USD,BUY,5.726,1.636135319109141,9.0
2023-04-21T14:04:27.061892,TRX-USD,BUY,0.0652,XLM-USD,SELL,0.0962,-2.083662326791428,19.0
2023-04-21T14:05:14.501415,TRX-USD,SELL,0.0652,DOT-USD,BUY,6.06,1.7310877965684568,12.0
2023-04-21T14:06:37.682789,XTZ-USD,SELL,1.046,UNI-USD,BUY,5.726,1.636135319109141,9.0
2023-04-21T14:07:48.338130,TRX-USD,BUY,0.0652,XLM-USD,SELL,0.0962,-2.083662326791428,19.0
2023-04-21T14:08:35.873118,TRX-USD,SELL,0.0652,DOT-USD,BUY,6.06,1.7310877965684568,12.0
2023-04-21T14:09:58.366062,XTZ-USD,SELL,1.046,UNI-USD,BUY,5.726,1.636135319109141,9.0
2023-04-21T14:11:08.690032,TRX-USD,BUY,0.0652,XLM-USD,SELL,0.0962,-2.083662326791428,19.0
2023-04-21T14:11:56.022866,TRX-USD,SELL,0.0652,DOT-USD,BUY,6.06,1.7310877965684568,12.0
2023-04-21T14:13:18.743975,XTZ-USD,SELL,1.046,UNI-USD,BUY,5.726,1.636135319109141,9.0
2023-04-21T14:14:29.048106,TRX-USD,BUY,0.0652,XLM-USD,SELL,0.0962,-2.083662326791428,19.0
2023-04-21T14:15:16.596849,TRX-USD,SELL,0.0652,DOT-USD,BUY,6.06,1.7310877965684568,12.0
2023-04-21T14:16:39.617145,XTZ-USD,SELL,1.046,UNI-USD,BUY,5.726,1.636135319109141,9.0
2023-04-21T14:17:50.317948,TRX-USD,BUY,0.0652,XLM-USD,SELL,0.0962,-2.083662326791428,19.0
2023-04-21T14:18:37.744457,TRX-USD,SELL,0.0652,DOT-USD,BUY,6.06,1.7310877965684568,12.0
2023-04-21T14:20:24.722678,ZRX-USD,SELL,0.267,DOT-USD,BUY,6.06,2.266330797298737,11.0
2023-04-21T14:21:05.355522,ZRX-USD,SELL,0.267,UNI-USD,BUY,5.74,2.213253781975993,17.0
2023-04-21T14:21:45.851145,TRX-USD,SELL,0.066,COMP-USD,BUY,40.3,2.4042589063519357,17.0
2023-04-21T14:22:26.113079,TRX-USD,SELL,0.066,EOS-USD,BUY,1.083,1.8280630815014731,24.0
2023-04-21T14:23:04.808035,TRX-USD,SELL,0.066,XMR-USD,BUY,153.5,2.501767082299242,9.0
2023-04-21T14:23:43.337536,TRX-USD,SELL,0.066,SUSHI-USD,BUY,1.061,2.7825184561409326,20.0
2023-04-21T14:24:23.710054,TRX-USD,SELL,0.066,BTC-USD,BUY,28179.0,2.061397420301316,13.0
2023-04-21T14:25:02.305574,TRX-USD,SELL,0.066,DOT-USD,BUY,6.06,3.332124390435159,12.0
2023-04-21T14:25:40.789046,TRX-USD,SELL,0.066,DOGE-USD,BUY,0.0839,2.0180833803087124,20.0
2023-04-21T14:26:21.039269,TRX-USD,SELL,0.066,UNI-USD,BUY,5.74,2.7711939834735357,13.0
2023-04-21T14:26:59.601862,TRX-USD,SELL,0.066,MATIC-USD,BUY,1.0426,2.277666015105318,15.0
2023-04-21T14:27:39.854388,YFI-USD,SELL,8399.0,XMR-USD,BUY,153.5,2.5601244489620725,17.0
2023-04-21T14:28:55.108251,ETC-USD,BUY,20.06,YFI-USD,SELL,8447.0,-3.636598981510376,8.0
2023-04-21T14:29:47.627654,RUNE-USD,BUY,1.475,CRV-USD,SELL,0.9495,-2.446472418060742,16.0
2023-04-21T14:30:29.686188,ZRX-USD,SELL,0.268,DOT-USD,BUY,6.08,2.2981384024008658,11.0
2023-04-21T14:31:10.003992,ZRX-USD,SELL,0.268,UNI-USD,BUY,5.74,2.692987408805128,17.0
2023-04-21T14:31:48.601036,TRX-USD,BUY,0.066,YFI-USD,SELL,8424.0,-1.6829360256881751,21.0
2023-04-21T14:32:27.219284,TRX-USD,SELL,0.066,COMP-USD,BUY,40.3,2.4042589063519357,17.0
2023-04-21T14:33:07.424364,TRX-USD,SELL,0.066,EOS-USD,BUY,1.083,1.8280630815014731,24.0
2023-04-21T14:33:45.956357,TRX-USD,SELL,0.066,XMR-USD,BUY,153.5,2.501767082299242,9.0
2023-04-21T14:34:24.377827,TRX-USD,SELL,0.066,SUSHI-USD,BUY,1.068,2.1355248019045185,20.0
2023-04-21T14:35:04.821354,TRX-USD,SELL,0.066,BTC-USD,BUY,28158.0,2.161441487634679,13.0
2023-04-21T14:35:43.289283,TRX-USD,SELL,0.066,DOT-USD,BUY,6.08,3.068792981056415,12.0
2023-04-21T14:36:21.891881,TRX-USD,SELL,0.066,DOGE-USD,BUY,0.0839,2.0180833803087124,20.0
2023-04-21T14:37:02.292706,TRX-USD,SELL,0.066,UNI-USD,BUY,5.74,2.7711939834735357,13.0
2023-04-21T14:37:40.882561,TRX-USD,SELL,0.066,MATIC-USD,BUY,1.0426,2.277666015105318,15.0
2023-04-21T14:38:21.490547,YFI-USD,SELL,8475.0,XMR-USD,BUY,153.5,3.156860564129089,17.0
2023-04-21T14:39:37.425148,ETC-USD,BUY,20.06,YFI-USD,SELL,8475.0,-3.777513581660506,8.0
2023-04-21T14:46:25.172475,ETC-USD,BUY,20.04,YFI-USD,SELL,8538.0,-3.999988965085239,9.0
2023-04-21T14:47:12.970222,CELO-USD,SELL,0.635,RUNE-USD,BUY,1.455,1.9789876509531055,15.0
2023-04-21T14:47:53.577608,RUNE-USD,BUY,1.455,SUSHI-USD,SELL,1.068,-2.949862835837527,16.0
2023-04-21T14:48:32.171203,RUNE-USD,BUY,1.455,CRV-USD,SELL,0.9495,-3.475587584250815,15.0
2023-04-21T14:49:10.884926,RUNE-USD,BUY,1.455,1INCH-USD,SELL,0.511,-1.9289014311914494,22.0
2023-04-21T14:49:51.354083,ZRX-USD,SELL,0.268,DOT-USD,BUY,6.07,2.476292616681582,11.0
2023-04-21T14:50:32.116057,ZRX-USD,SELL,0.268,UNI-USD,BUY,5.734,2.8095151059287207,17.0
2023-04-21T14:51:10.924727,TRX-USD,BUY,0.066,YFI-USD,SELL,8578.0,-3.336967423682964,21.0
2023-04-21T14:51:49.451774,TRX-USD,SELL,0.066,COMP-USD,BUY,40.3,2.404132293372033,17.0
2023-04-21T14:52:29.971821,TRX-USD,SELL,0.066,XMR-USD,BUY,153.2,2.7336153516347226,9.0
2023-04-21T14:53:08.455038,TRX-USD,SELL,0.066,SUSHI-USD,BUY,1.068,2.135452831820557,20.0
2023-04-21T14:53:49.037135,TRX-USD,SELL,0.066,BTC-USD,BUY,28158.0,2.1614153327680277,14.0
2023-04-21T14:54:27.722977,TRX-USD,SELL,0.066,DOT-USD,BUY,6.07,3.2099001732923353,12.0
2023-04-21T14:55:06.460042,TRX-USD,SELL,0.066,DOGE-USD,BUY,0.0839,2.018291117495763,20.0
2023-04-21T14:55:45.267548,TRX-USD,SELL,0.066,LTC-USD,BUY,89.2,1.5148556708174898,19.0
2023-04-21T14:56:24.009079,TRX-USD,SELL,0.066,UNI-USD,BUY,5.729,2.949752434586945,13.0
2023-04-21T14:57:02.818193,TRX-USD,SELL,0.066,MATIC-USD,BUY,1.0457,1.9613767485612374,15.0
2023-04-21T14:57:43.446539,YFI-USD,SELL,8652.0,XMR-USD,BUY,153.2,3.848970390412024,16.0
2023-04-21T14:58:21.961550,YFI-USD,SELL,8658.0,BTC-USD,BUY,28121.0,3.803218023887956,5.0
2023-04-21T14:59:07.767426,NEAR-USD,SELL,2.026,ETH-USD,BUY,1909.1,1.626687494015533,14.0
2023-04-21T14:59:57.146683,DOT-USD,BUY,6.04,UNI-USD,SELL,5.742,-1.843779365616864,11.0
2023-04-21T15:00:35.876537,DOT-USD,BUY,6.04,MATIC-USD,SELL,1.0457,-1.8556909267316926,11.0
2023-04-21T15:01:26.913882,XTZ-USD,SELL,1.045,COMP-USD,BUY,40.2,1.540334542068127,9.0
2023-04-21T15:02:09.166239,ETC-USD,BUY,20.04,YFI-USD,SELL,8712.0,-2.917605545368829,9.0
2023-04-21T15:02:57.448135,CELO-USD,SELL,0.635,RUNE-USD,BUY,1.455,1.7324196696283802,15.0
2023-04-21T15:03:38.233648,RUNE-USD,BUY,1.455,SUSHI-USD,SELL,1.068,-2.440006539623113,16.0
2023-04-21T15:04:16.920307,RUNE-USD,BUY,1.455,CRV-USD,SELL,0.9495,-2.636353740300444,15.0
2023-04-21T15:04:55.604108,RUNE-USD,BUY,1.455,1INCH-USD,SELL,0.511,-1.7124477882085267,22.0
2023-04-21T15:05:35.984853,ZRX-USD,SELL,0.267,DOT-USD,BUY,6.04,2.037307427755977,11.0
2023-04-21T15:06:16.418167,ZRX-USD,SELL,0.267,UNI-USD,BUY,5.742,1.6925886100787002,17.0
2023-04-21T15:06:55.085222,TRX-USD,BUY,0.066,YFI-USD,SELL,8759.0,-2.974535892972645,21.0
2023-04-21T15:46:18.242926,ETC-USD,BUY,19.97,YFI-USD,SELL,8628.0,-2.6983391551899247,8.0
2023-04-21T15:46:58.563134,ZEC-USD,SELL,38.0,NEAR-USD,BUY,2.008,1.6506042052173715,19.0
2023-04-21T15:47:37.100418,MKR-USD,SELL,712.0,NEAR-USD,BUY,2.008,2.3137183897116826,14.0
2023-04-21T15:48:19.113570,CELO-USD,SELL,0.636,RUNE-USD,BUY,1.447,2.1100137482587735,15.0
2023-04-21T15:48:59.448468,RUNE-USD,BUY,1.447,SUSHI-USD,SELL,1.067,-2.7684303225116573,16.0
2023-04-21T15:49:38.055733,RUNE-USD,BUY,1.447,CRV-USD,SELL,0.9515,-3.044069618266027,16.0
2023-04-21T15:50:16.706778,RUNE-USD,BUY,1.447,1INCH-USD,SELL,0.511,-2.0033408869910216,24.0
2023-04-21T15:51:00.521935,ZRX-USD,SELL,0.267,DOT-USD,BUY,6.03,2.193152777213955,11.0
2023-04-21T15:51:40.865847,ZRX-USD,SELL,0.267,UNI-USD,BUY,5.735,1.868898370657224,16.0
2023-04-21T15:52:19.522690,TRX-USD,BUY,0.0658,YFI-USD,SELL,8650.0,-2.592678355338915,20.0
2023-04-21T15:53:01.671410,TRX-USD,SELL,0.0658,XMR-USD,BUY,153.2,1.9424954825974672,9.0
2023-04-21T15:53:40.305592,TRX-USD,SELL,0.0658,SUSHI-USD,BUY,1.061,2.207242601541044,20.0
2023-04-21T15:54:20.560382,TRX-USD,SELL,0.0658,BTC-USD,BUY,27983.0,2.161974085509174,14.0
2023-04-21T15:54:59.221684,TRX-USD,SELL,0.0658,DOT-USD,BUY,6.03,2.552260028595978,12.0
2023-04-21T15:55:37.730691,TRX-USD,SELL,0.0658,DOGE-USD,BUY,0.0833,2.2867151325640704,19.0
2023-04-21T15:56:18.120585,TRX-USD,SELL,0.0658,UNI-USD,BUY,5.735,2.0153104979084695,13.0
2023-04-21T15:56:56.713326,TRX-USD,SELL,0.0658,MATIC-USD,BUY,1.04,1.9540133939536184,15.0
2023-04-21T15:57:37.003725,YFI-USD,SELL,8600.0,XMR-USD,BUY,152.4,2.563661959587478,15.0
2023-04-21T15:58:15.536434,YFI-USD,SELL,8600.0,BTC-USD,BUY,27995.0,2.487021626369269,5.0
2023-04-21T15:59:13.437398,DOT-USD,BUY,6.03,UNI-USD,SELL,5.735,-1.744788891229326,11.0
2023-04-21T16:00:11.368498,ETC-USD,BUY,19.9,YFI-USD,SELL,8585.0,-2.6368318610464407,8.0
2023-04-21T16:00:53.637176,MKR-USD,SELL,712.0,NEAR-USD,BUY,2.008,1.9719821077470139,14.0
2023-04-21T16:01:35.875969,CELO-USD,SELL,0.634,RUNE-USD,BUY,1.446,1.7335531057950624,15.0
2023-04-21T16:02:16.428892,RUNE-USD,BUY,1.446,SUSHI-USD,SELL,1.061,-2.0495267367456615,16.0
2023-04-21T16:02:54.923821,RUNE-USD,BUY,1.446,CRV-USD,SELL,0.9515,-2.442899702698366,16.0
2023-04-21T16:03:33.584664,RUNE-USD,BUY,1.446,1INCH-USD,SELL,0.511,-1.785098561920927,24.0
2023-04-21T16:04:17.470594,ZRX-USD,SELL,0.267,DOT-USD,BUY,6.03,1.8845446601767402,11.0
2023-04-21T16:04:57.551169,ZRX-USD,SELL,0.267,UNI-USD,BUY,5.735,1.6421470528908328,16.0
2023-04-21T16:05:36.022468,TRX-USD,BUY,0.0658,YFI-USD,SELL,8585.0,-1.8881705061260607,20.0
2023-04-21T16:06:17.882884,TRX-USD,SELL,0.0658,XMR-USD,BUY,152.4,2.176744186080498,9.0
2023-04-21T16:06:56.052343,TRX-USD,SELL,0.0658,SUSHI-USD,BUY,1.061,1.8867936762406907,20.0
2023-04-21T16:07:36.112779,TRX-USD,SELL,0.0658,BTC-USD,BUY,27995.0,1.8196731059098468,14.0
2023-04-21T16:08:14.641454,TRX-USD,SELL,0.0658,DOT-USD,BUY,6.03,2.120518520647505,12.0
2023-04-21T16:08:52.950631,TRX-USD,SELL,0.0658,DOGE-USD,BUY,0.0833,1.9443165335081118,19.0
2023-04-21T16:09:32.948927,TRX-USD,SELL,0.0658,UNI-USD,BUY,5.735,1.7629739831449,13.0
2023-04-21T16:10:11.261988,TRX-USD,SELL,0.0658,MATIC-USD,BUY,1.0366,2.018099264650525,15.0
2023-04-21T16:10:51.388077,YFI-USD,SELL,8508.0,XMR-USD,BUY,152.4,1.7400891312558766,15.0
2023-04-21T16:11:29.709823,YFI-USD,SELL,8508.0,BTC-USD,BUY,27995.0,1.655525418448796,5.0
2023-04-21T16:12:09.999952,COMP-USD,SELL,40.4,MATIC-USD,BUY,1.0366,1.6072015051816486,6.0
2023-04-21T16:13:04.273120,DOT-USD,BUY,6.03,UNI-USD,SELL,5.735,-1.5731173771729323,11.0
2023-04-21T16:14:02.349221,ETC-USD,BUY,19.97,YFI-USD,SELL,8508.0,-1.6314394952736766,8.0
2023-04-21T16:14:40.576863,ZEC-USD,SELL,37.9,FIL-USD,BUY,5.48,1.763190922105606,9.0
2023-04-21T16:15:25.911013,CELO-USD,SELL,0.628,RUNE-USD,BUY,1.435,1.6254292575807237,15.0
2023-04-21T16:16:05.729042,RUNE-USD,BUY,1.435,SUSHI-USD,SELL,1.06,-2.528891177591338,16.0
2023-04-21T16:16:44.079852,RUNE-USD,BUY,1.435,CRV-USD,SELL,0.9515,-2.781066976325168,16.0
2023-04-21T16:17:22.449171,RUNE-USD,BUY,1.435,1INCH-USD,SELL,0.511,-2.1381737080644254,24.0
2023-04-21T16:18:05.983345,ZRX-USD,SELL,0.267,DOT-USD,BUY,6.03,1.8845446601767402,11.0
2023-04-21T16:18:46.089124,ZRX-USD,SELL,0.267,UNI-USD,BUY,5.735,1.6421470528908328,16.0
2023-04-21T16:19:29.608112,TRX-USD,SELL,0.0658,XMR-USD,BUY,152.4,2.176744186080498,9.0
2023-04-21T16:20:07.715901,TRX-USD,SELL,0.0658,SUSHI-USD,BUY,1.06,1.978755986990322,20.0
2023-04-21T16:20:49.536723,TRX-USD,SELL,0.0658,DOT-USD,BUY,6.03,2.120518520647505,12.0
2023-04-21T16:21:27.837016,TRX-USD,SELL,0.0658,DOGE-USD,BUY,0.0833,1.9443165335081118,19.0
2023-04-21T16:22:08.170877,TRX-USD,SELL,0.0658,UNI-USD,BUY,5.735,1.7629739831449,13.0
2023-04-21T16:22:46.516699,TRX-USD,SELL,0.0658,MATIC-USD,BUY,1.0366,2.018099264650525,15.0
2023-04-21T16:23:26.744793,YFI-USD,SELL,8531.0,XMR-USD,BUY,152.4,1.8510564212429026,15.0
2023-04-21T16:24:05.152734,YFI-USD,SELL,8531.0,BTC-USD,BUY,28109.0,1.5951580928545193,5.0
2023-04-21T16:25:02.653779,DOT-USD,BUY,6.03,UNI-USD,SELL,5.735,-1.5731173771729323,11.0
2023-04-21T16:26:00.662091,ETC-USD,BUY,19.97,YFI-USD,SELL,8531.0,-1.7593656251456755,8.0
2023-04-21T16:26:39.176332,ZEC-USD,SELL,37.9,FIL-USD,BUY,5.48,1.763190922105606,9.0
2023-04-21T16:27:24.800228,CELO-USD,SELL,0.628,RUNE-USD,BUY,1.435,1.6254292575807237,15.0
2023-04-21T16:28:05.244068,RUNE-USD,BUY,1.435,SUSHI-USD,SELL,1.061,-2.5894740016416034,16.0
2023-04-21T16:28:43.924312,RUNE-USD,BUY,1.435,CRV-USD,SELL,0.9515,-2.781066976325168,16.0
2023-04-21T16:29:22.454427,RUNE-USD,BUY,1.435,1INCH-USD,SELL,0.511,-2.1381737080644254,24.0
2023-04-21T16:30:06.376969,ZRX-USD,SELL,0.266,DOT-USD,BUY,6.03,1.5383285947470535,11.0
2023-04-21T16:30:48.502271,TRX-USD,BUY,0.0658,YFI-USD,SELL,8531.0,-1.5167836729091482,20.0
2023-04-21T16:31:32.346117,TRX-USD,SELL,0.0658,SUSHI-USD,BUY,1.061,1.8867936762406907,20.0
2023-04-21T16:32:12.679771,TRX-USD,SELL,0.0658,BTC-USD,BUY,27961.0,1.9548334896633863,14.0
2023-04-21T16:32:51.222705,TRX-USD,SELL,0.0658,DOT-USD,BUY,6.03,2.120518520647505,12.0
2023-04-21T16:33:29.642314,TRX-USD,SELL,0.0658,DOGE-USD,BUY,0.0833,1.9443165335081118,19.0
2023-04-21T16:34:09.989367,TRX-USD,SELL,0.0658,UNI-USD,BUY,5.735,1.7629739831449,13.0
2023-04-21T16:34:48.638327,TRX-USD,SELL,0.0658,MATIC-USD,BUY,1.0406,1.6444498668320449,15.0
2023-04-21T16:35:29.143413,YFI-USD,SELL,8531.0,XMR-USD,BUY,153.4,1.5777127291351465,15.0
2023-04-21T16:36:07.729094,YFI-USD,SELL,8531.0,BTC-USD,BUY,27961.0,1.8244069309865443,5.0
2023-04-21T16:37:06.291703,DOT-USD,BUY,6.03,UNI-USD,SELL,5.735,-1.5731173771729323,11.0
2023-04-21T16:38:03.954591,ETC-USD,BUY,19.97,YFI-USD,SELL,8531.0,-1.7593656251456755,8.0
2023-04-21T16:38:42.516222,ZEC-USD,SELL,37.9,FIL-USD,BUY,5.48,1.763190922105606,9.0
2023-04-21T16:39:22.853367,MKR-USD,SELL,710.0,NEAR-USD,BUY,2.008,1.678019811296013,14.0
2023-04-21T16:40:05.092407,CELO-USD,SELL,0.628,RUNE-USD,BUY,1.435,1.6254292575807237,15.0
2023-04-21T16:46:18.786435,ETC-USD,BUY,19.97,YFI-USD,SELL,8514.0,-1.66530852376303,8.0
2023-04-21T16:46:57.137212,ZEC-USD,SELL,37.9,FIL-USD,BUY,5.49,1.5818686612837025,9.0
2023-04-21T16:47:35.765295,MKR-USD,SELL,710.0,NEAR-USD,BUY,2.008,1.6780746218946068,14.0
2023-04-21T16:48:16.040916,MKR-USD,SELL,710.0,ETH-USD,BUY,1905.9,1.833835758280626,11.0
2023-04-21T16:48:56.501431,CELO-USD,SELL,0.628,RUNE-USD,BUY,1.435,1.6252290491056525,13.0
2023-04-21T16:49:40.266981,RUNE-USD,BUY,1.435,SUSHI-USD,SELL,1.061,-2.589437543301476,16.0
2023-04-21T16:50:18.727435,RUNE-USD,BUY,1.435,CRV-USD,SELL,0.9486,-2.650429683188883,16.0
2023-04-21T16:50:57.042436,RUNE-USD,BUY,1.435,1INCH-USD,SELL,0.511,-2.138034579643778,22.0
2023-04-21T16:51:35.370852,FIL-USD,BUY,5.49,YFI-USD,SELL,8514.0,-1.9834045134234708,14.0
2023-04-21T16:52:19.658859,ZRX-USD,SELL,0.266,DOT-USD,BUY,6.03,1.5384112523004279,11.0
2023-04-21T16:53:16.045272,TRX-USD,SELL,0.0656,DOT-USD,BUY,6.03,1.8364466459715596,12.0
2023-04-21T16:53:54.470173,TRX-USD,SELL,0.0656,DOGE-USD,BUY,0.0833,1.5900767353873,19.0
2023-04-21T16:54:42.091895,YFI-USD,SELL,8496.0,BTC-USD,BUY,27984.0,1.60999452637692,5.0
2023-04-21T16:55:35.192593,SUSHI-USD,SELL,1.064,AAVE-USD,BUY,71.22,1.7777391265625389,11.0
2023-04-21T16:56:19.195664,DOT-USD,BUY,6.03,UNI-USD,SELL,5.735,-1.573104925823573,11.0
2023-04-21T16:57:16.436081,ETC-USD,BUY,19.99,YFI-USD,SELL,8496.0,-1.514231577079822,8.0
2023-04-21T16:57:55.178909,ZEC-USD,SELL,38.0,FIL-USD,BUY,5.49,1.8488483832696831,9.0
2023-04-21T16:58:33.896159,MKR-USD,SELL,710.0,NEAR-USD,BUY,1.999,2.120870956886433,14.0
2023-04-21T16:59:14.362235,MKR-USD,SELL,710.0,ETH-USD,BUY,1899.7,2.2069399641070837,11.0
2023-04-21T17:00:00.771432,RUNE-USD,BUY,1.439,SUSHI-USD,SELL,1.064,-2.597971048818034,16.0
2023-04-21T17:00:39.478043,RUNE-USD,BUY,1.439,CRV-USD,SELL,0.9508,-2.1932175534621576,16.0
2023-04-21T17:01:18.237814,RUNE-USD,BUY,1.439,1INCH-USD,SELL,0.511,-1.8552135264533967,22.0
2023-04-21T17:01:56.941383,FIL-USD,BUY,5.49,YFI-USD,SELL,8496.0,-1.658902922702357,14.0
2023-04-21T17:02:41.367444,ZRX-USD,SELL,0.266,DOT-USD,BUY,6.02,1.5398244052782295,11.0
2023-04-21T17:03:20.025024,ZRX-USD,SELL,0.266,DOGE-USD,BUY,0.0827,1.5476528810157104,16.0
2023-04-21T17:04:04.146088,TRX-USD,SELL,0.0656,COMP-USD,BUY,40.1,1.598355954274574,17.0
2023-04-21T17:04:52.565446,TRX-USD,SELL,0.0656,DOT-USD,BUY,6.02,1.769251396962046,12.0
2023-04-21T17:05:31.374591,TRX-USD,SELL,0.0656,DOGE-USD,BUY,0.0827,1.9785179919848392,19.0
2023-04-21T17:06:43.192186,DOT-USD,BUY,6.02,UNI-USD,SELL,5.735,-1.8225153581199396,11.0
2023-04-21T17:07:44.211890,MKR-USD,SELL,710.0,NEAR-USD,BUY,2.005,1.5452662358478058,14.0
2023-04-21T17:08:24.977468,MKR-USD,SELL,710.0,ETH-USD,BUY,1899.7,1.896115135591116,11.0
2023-04-21T17:09:10.857169,RUNE-USD,BUY,1.439,SUSHI-USD,SELL,1.064,-2.1470787386028856,16.0
2023-04-21T17:09:49.567591,RUNE-USD,BUY,1.439,CRV-USD,SELL,0.9508,-2.1932175534621576,16.0
2023-04-21T17:10:28.233804,RUNE-USD,BUY,1.439,1INCH-USD,SELL,0.511,-1.8552135264533967,22.0
2023-04-21T17:11:06.755184,FIL-USD,BUY,5.49,YFI-USD,SELL,8496.0,-1.658902922702357,14.0
2023-04-21T17:11:50.913436,ZRX-USD,SELL,0.266,DOT-USD,BUY,6.02,1.5398244052782295,11.0
2023-04-21T17:12:29.452381,ZRX-USD,SELL,0.266,DOGE-USD,BUY,0.0827,1.5476528810157104,16.0
2023-04-21T17:13:13.516148,TRX-USD,SELL,0.0656,COMP-USD,BUY,40.1,1.598355954274574,17.0
2023-04-21T17:14:01.901325,TRX-USD,SELL,0.0656,DOT-USD,BUY,6.02,1.769251396962046,12.0
2023-04-21T17:14:40.616969,TRX-USD,SELL,0.0656,DOGE-USD,BUY,0.0827,1.9785179919848392,19.0
2023-04-21T17:15:52.565555,DOT-USD,BUY,6.02,UNI-USD,SELL,5.735,-1.8225153581199396,11.0
2023-04-21T17:16:53.477733,MKR-USD,SELL,710.0,NEAR-USD,BUY,2.005,1.5452662358478058,14.0
2023-04-21T17:17:34.031902,MKR-USD,SELL,710.0,ETH-USD,BUY,1900.6,1.8453691764802664,11.0
2023-04-21T17:18:19.735169,RUNE-USD,BUY,1.439,SUSHI-USD,SELL,1.059,-1.8222981300155174,16.0
2023-04-21T17:18:58.432638,RUNE-USD,BUY,1.439,CRV-USD,SELL,0.9508,-2.1932175534621576,16.0
2023-04-21T17:19:39.140581,FIL-USD,BUY,5.45,YFI-USD,SELL,8501.0,-1.9590764128816396,14.0
2023-04-21T17:20:23.191205,ZRX-USD,SELL,0.266,DOT-USD,BUY,6.02,1.5398244052782295,11.0
2023-04-21T17:21:02.158326,ZRX-USD,SELL,0.266,DOGE-USD,BUY,0.0824,1.8529845660647242,16.0
2023-04-21T17:21:45.994304,TRX-USD,SELL,0.0656,COMP-USD,BUY,40.1,1.598355954274574,17.0
2023-04-21T17:22:28.530749,TRX-USD,SELL,0.0656,SUSHI-USD,BUY,1.053,2.211418725772001,20.0
2023-04-21T17:23:09.235463,TRX-USD,SELL,0.0656,BTC-USD,BUY,27931.0,1.5710092937630373,14.0
2023-04-21T17:23:47.952531,TRX-USD,SELL,0.0656,DOT-USD,BUY,6.02,1.769251396962046,12.0
2023-04-21T17:24:26.722466,TRX-USD,SELL,0.0656,DOGE-USD,BUY,0.0819,2.687153166051168,19.0
2023-04-21T17:25:05.451641,TRX-USD,SELL,0.0656,LTC-USD,BUY,88.8,1.5198798752907532,19.0
2023-04-21T17:25:51.296804,YFI-USD,SELL,8501.0,BTC-USD,BUY,27922.0,1.5586609170177366,5.0
2023-04-21T17:26:51.943380,DOT-USD,BUY,6.02,UNI-USD,SELL,5.735,-1.8225153581199396,11.0
2023-04-21T17:27:52.736421,MKR-USD,SELL,712.0,NEAR-USD,BUY,1.979,2.754679393618953,14.0
2023-04-21T17:28:31.349243,MKR-USD,SELL,712.0,ADA-USD,BUY,0.39,2.4410534154819317,11.0
2023-04-21T17:29:09.931838,MKR-USD,SELL,709.0,ETH-USD,BUY,1879.9,2.689181166772526,11.0
2023-04-21T17:29:48.594137,BCH-USD,SELL,124.0,1INCH-USD,BUY,0.506,1.7458576510899892,13.0
2023-04-21T17:30:27.293180,CELO-USD,SELL,0.628,RUNE-USD,BUY,1.422,1.9925415544153144,13.0
2023-04-21T17:31:09.674079,RUNE-USD,BUY,1.422,SUSHI-USD,SELL,1.051,-2.094085521544465,16.0
2023-04-21T17:31:48.521403,RUNE-USD,BUY,1.422,CRV-USD,SELL,0.9508,-2.6711472895208552,16.0
2023-04-21T17:32:27.152662,RUNE-USD,BUY,1.422,1INCH-USD,SELL,0.506,-1.931329935249021,22.0
2023-04-21T17:33:06.042971,FIL-USD,BUY,5.46,YFI-USD,SELL,8469.0,-1.7449022798716396,14.0
2023-04-21T17:33:59.242432,TRX-USD,SELL,0.0656,COMP-USD,BUY,39.6,2.7647927380872215,17.0
2023-04-21T17:34:41.408334,TRX-USD,SELL,0.0656,SUSHI-USD,BUY,1.051,2.369534737764992,20.0
2023-04-21T17:35:21.998440,TRX-USD,SELL,0.0656,BTC-USD,BUY,27863.0,1.8475527940353131,14.0
2023-04-21T17:36:00.681290,TRX-USD,SELL,0.0656,DOT-USD,BUY,6.02,1.769251396962046,12.0
2023-04-21T17:36:39.593042,TRX-USD,SELL,0.0656,DOGE-USD,BUY,0.082,2.612516275553586,19.0
2023-04-21T17:37:18.079372,TRX-USD,SELL,0.0656,LTC-USD,BUY,88.7,1.629075028774754,19.0
2023-04-21T17:37:58.682841,TRX-USD,SELL,0.0656,MATIC-USD,BUY,1.0272,2.390579378630758,15.0
2023-04-21T17:39:05.311443,DOT-USD,BUY,6.02,UNI-USD,SELL,5.735,-1.8225153581199396,11.0
2023-04-21T17:39:51.373626,UNI-USD,SELL,5.735,MATIC-USD,BUY,1.0272,2.4743691427935413,8.0
2023-04-21T17:46:28.621730,MKR-USD,SELL,712.0,NEAR-USD,BUY,1.977,2.8093741187126793,15.0
2023-04-21T17:47:07.231879,MKR-USD,SELL,712.0,ADA-USD,BUY,0.393,2.019443443984661,11.0
2023-04-21T17:47:46.059795,MKR-USD,SELL,712.0,ETH-USD,BUY,1881.9,2.8979253368094873,11.0
2023-04-21T17:48:24.656642,BCH-USD,SELL,124.0,1INCH-USD,BUY,0.506,1.7457476539057675,13.0
2023-04-21T17:49:03.378329,CELO-USD,SELL,0.628,RUNE-USD,BUY,1.422,1.9923406013875922,13.0
2023-04-21T17:49:45.739750,RUNE-USD,BUY,1.422,SUSHI-USD,SELL,1.055,-2.3298066928802585,17.0
2023-04-21T17:50:24.254316,RUNE-USD,BUY,1.422,1INCH-USD,SELL,0.506,-1.9311351976711324,24.0
2023-04-21T17:51:06.768151,ZRX-USD,SELL,0.263,UNI-USD,BUY,5.638,1.899633856224344,19.0
2023-04-21T17:51:49.199407,TRX-USD,SELL,0.0656,COMP-USD,BUY,39.6,2.76482944197207,18.0
2023-04-21T17:52:31.784141,TRX-USD,SELL,0.0656,SUSHI-USD,BUY,1.055,2.0406635437826,21.0
2023-04-21T17:53:12.138282,TRX-USD,SELL,0.0656,BTC-USD,BUY,27895.0,1.7204544689930292,14.0
2023-04-21T17:53:50.663888,TRX-USD,SELL,0.0656,DOT-USD,BUY,6.02,1.7692658317458256,12.0
2023-04-21T17:54:29.308636,TRX-USD,SELL,0.0656,DOGE-USD,BUY,0.082,2.612475690463496,20.0
2023-04-21T17:55:09.990554,TRX-USD,SELL,0.0656,UNI-USD,BUY,5.638,2.829351591124588,14.0
2023-04-21T17:55:48.658215,TRX-USD,SELL,0.0656,MATIC-USD,BUY,1.0326,1.960566378196618,16.0
2023-04-21T17:56:51.268137,DOT-USD,SELL,6.02,UNI-USD,BUY,5.638,2.088291295858528,11.0
2023-04-21T17:57:37.351746,UNI-USD,BUY,5.638,MATIC-USD,SELL,1.0326,-1.9626568645062523,8.0
2023-04-21T17:59:19.213514,MKR-USD,SELL,718.0,NEAR-USD,BUY,1.977,3.201619157680286,15.0
2023-04-21T17:59:57.967610,MKR-USD,SELL,718.0,ADA-USD,BUY,0.393,2.488569286303291,11.0
2023-04-21T18:00:36.849248,MKR-USD,SELL,718.0,ETH-USD,BUY,1881.9,3.317025208271123,11.0
2023-04-21T18:01:15.441073,BCH-USD,SELL,124.0,1INCH-USD,BUY,0.506,1.705808505619003,13.0
2023-04-21T18:01:54.406050,CELO-USD,SELL,0.625,RUNE-USD,BUY,1.422,1.5686822686248152,13.0
2023-04-21T18:02:36.502144,RUNE-USD,BUY,1.422,SUSHI-USD,SELL,1.055,-1.971243805849245,17.0
2023-04-21T18:03:15.273468,RUNE-USD,BUY,1.422,1INCH-USD,SELL,0.506,-1.7480321576014584,24.0
2023-04-21T18:03:57.568343,ZRX-USD,SELL,0.264,UNI-USD,BUY,5.637,1.9632041151249007,19.0
2023-04-21T18:04:40.439213,TRX-USD,SELL,0.0656,COMP-USD,BUY,39.6,2.253266950480137,18.0
2023-04-21T18:05:22.821703,TRX-USD,SELL,0.0656,SUSHI-USD,BUY,1.055,1.767050723219686,21.0
2023-04-21T18:06:05.507083,TRX-USD,SELL,0.0656,DOT-USD,BUY,6.02,1.576005917458479,12.0
2023-04-21T18:06:44.279426,TRX-USD,SELL,0.0656,DOGE-USD,BUY,0.0817,2.386378331431524,20.0
2023-04-21T18:07:25.060110,TRX-USD,SELL,0.0656,UNI-USD,BUY,5.637,2.297354785365646,14.0
2023-04-21T18:08:04.054566,TRX-USD,SELL,0.0656,MATIC-USD,BUY,1.0319,1.765897760583987,16.0
2023-04-21T18:08:42.753511,TRX-USD,SELL,0.0656,1INCH-USD,BUY,0.506,1.6070302502157054,18.0
2023-04-21T18:09:43.748500,DOT-USD,SELL,6.02,UNI-USD,BUY,5.637,1.9391254067285244,11.0
2023-04-21T18:10:29.922930,UNI-USD,BUY,5.637,MATIC-USD,SELL,1.0319,-1.7051253322756856,8.0
2023-04-21T18:11:26.258653,MKR-USD,SELL,718.0,NEAR-USD,BUY,1.977,2.502882892080733,15.0
2023-04-21T18:12:04.897622,MKR-USD,SELL,718.0,ADA-USD,BUY,0.393,2.0880606951659795,11.0
2023-04-21T18:12:43.634109,MKR-USD,SELL,718.0,ETH-USD,BUY,1881.9,2.5554268017389887,11.0
2023-04-21T18:13:22.660794,BCH-USD,SELL,124.0,1INCH-USD,BUY,0.506,1.705808505619003,13.0
2023-04-21T18:14:01.286068,CELO-USD,SELL,0.625,RUNE-USD,BUY,1.422,1.5686822686248152,13.0
2023-04-21T18:14:43.896518,RUNE-USD,BUY,1.422,SUSHI-USD,SELL,1.055,-1.971243805849245,17.0
2023-04-21T18:15:22.825617,RUNE-USD,BUY,1.422,1INCH-USD,SELL,0.506,-1.7480321576014584,24.0
2023-04-21T18:16:05.350037,ZRX-USD,SELL,0.264,UNI-USD,BUY,5.628,2.1169643887814877,19.0
2023-04-21T18:16:47.771592,TRX-USD,SELL,0.0656,COMP-USD,BUY,39.6,2.253266950480137,18.0
2023-04-21T18:17:30.368622,TRX-USD,SELL,0.0656,SUSHI-USD,BUY,1.055,1.767050723219686,21.0
2023-04-21T18:18:12.702322,TRX-USD,SELL,0.0656,DOT-USD,BUY,6.02,1.576005917458479,12.0
2023-04-21T18:18:51.561547,TRX-USD,SELL,0.0656,DOGE-USD,BUY,0.0817,2.386378331431524,20.0
2023-04-21T18:19:32.382066,TRX-USD,SELL,0.0656,UNI-USD,BUY,5.628,2.3997515108279925,14.0
2023-04-21T18:20:10.868547,TRX-USD,SELL,0.0656,MATIC-USD,BUY,1.0319,1.765897760583987,16.0
2023-04-21T18:20:49.576880,TRX-USD,SELL,0.0656,1INCH-USD,BUY,0.506,1.6070302502157054,18.0
2023-04-21T18:21:50.906875,DOT-USD,SELL,6.02,UNI-USD,BUY,5.628,2.192180263211502,11.0
2023-04-21T18:22:36.968233,UNI-USD,BUY,5.628,MATIC-USD,SELL,1.0319,-1.9589061777483086,8.0
2023-04-21T18:23:33.743533,MKR-USD,SELL,718.0,NEAR-USD,BUY,1.977,2.502882892080733,15.0
2023-04-21T18:24:12.335343,MKR-USD,SELL,718.0,ADA-USD,BUY,0.393,2.0880606951659795,11.0
2023-04-21T18:24:51.121916,MKR-USD,SELL,718.0,ETH-USD,BUY,1881.9,2.5554268017389887,11.0
2023-04-21T18:25:29.931391,BCH-USD,SELL,124.0,1INCH-USD,BUY,0.506,1.705808505619003,13.0
2023-04-21T18:26:08.460547,CELO-USD,SELL,0.625,RUNE-USD,BUY,1.422,1.5686822686248152,13.0
2023-04-21T18:26:50.600094,RUNE-USD,BUY,1.422,SUSHI-USD,SELL,1.055,-1.971243805849245,17.0
2023-04-21T18:27:29.198130,RUNE-USD,BUY,1.422,1INCH-USD,SELL,0.506,-1.7480321576014584,24.0
2023-04-21T18:28:11.549950,ZRX-USD,SELL,0.264,UNI-USD,BUY,5.628,2.1169643887814877,19.0
2023-04-21T18:28:53.967717,TRX-USD,SELL,0.0655,COMP-USD,BUY,39.6,2.1299719060491076,18.0
2023-04-21T18:29:36.333293,TRX-USD,SELL,0.0655,SUSHI-USD,BUY,1.055,1.6145029072375785,21.0
2023-04-21T18:30:15.160303,TRX-USD,SELL,0.0655,UMA-USD,BUY,1.97,1.613474128252867,7.0
2023-04-21T18:30:58.147854,TRX-USD,SELL,0.0655,DOGE-USD,BUY,0.0817,2.290493738451186,20.0
2023-04-21T18:31:38.747077,TRX-USD,SELL,0.0655,UNI-USD,BUY,5.628,2.29522398203192,14.0
2023-04-21T18:32:17.523225,TRX-USD,SELL,0.0655,MATIC-USD,BUY,1.0319,1.6167449052378695,16.0
2023-04-21T18:33:11.791887,XMR-USD,SELL,153.8,UMA-USD,BUY,1.97,1.795010568511298,6.0
2023-04-21T18:33:58.241351,DOT-USD,SELL,6.02,UNI-USD,BUY,5.628,2.192180263211502,11.0
2023-04-21T18:34:44.623292,UNI-USD,BUY,5.628,MATIC-USD,SELL,1.0319,-1.9589061777483086,8.0
2023-04-21T18:35:41.797138,MKR-USD,SELL,716.0,NEAR-USD,BUY,1.977,2.3683130911095605,15.0
2023-04-21T18:36:20.441585,MKR-USD,SELL,716.0,ADA-USD,BUY,0.393,1.9445275502425219,11.0
2023-04-21T18:36:59.062509,MKR-USD,SELL,716.0,ETH-USD,BUY,1886.2,2.278379602782842,11.0
2023-04-21T18:37:37.742997,BCH-USD,SELL,124.0,1INCH-USD,BUY,0.506,1.705808505619003,13.0
2023-04-21T18:38:16.464552,CELO-USD,SELL,0.625,RUNE-USD,BUY,1.422,1.5686822686248152,13.0
2023-04-21T18:38:58.694028,RUNE-USD,BUY,1.422,SUSHI-USD,SELL,1.053,-1.8574693299538692,17.0
2023-04-21T18:39:37.286596,RUNE-USD,BUY,1.422,1INCH-USD,SELL,0.506,-1.7480321576014584,24.0
2023-04-21T18:46:36.735103,MKR-USD,SELL,716.0,NEAR-USD,BUY,1.977,2.3683426649572135,15.0
2023-04-21T18:47:15.598258,MKR-USD,SELL,716.0,ETH-USD,BUY,1881.7,2.4127708868175435,11.0
2023-04-21T18:47:54.258267,BCH-USD,SELL,124.0,1INCH-USD,BUY,0.506,1.705767712432785,13.0
2023-04-21T18:48:33.438578,CELO-USD,SELL,0.625,RUNE-USD,BUY,1.422,1.5684853045101208,11.0
2023-04-21T18:49:14.308362,RUNE-USD,BUY,1.422,SUSHI-USD,SELL,1.053,-1.8574327391378558,18.0
2023-04-21T18:49:52.987933,RUNE-USD,BUY,1.422,1INCH-USD,SELL,0.506,-1.7479134113259196,23.0
2023-04-21T18:50:35.717378,ZRX-USD,SELL,0.264,UNI-USD,BUY,5.628,2.11684671036544,20.0
2023-04-21T18:51:18.924661,TRX-USD,SELL,0.0655,COMP-USD,BUY,39.6,2.130008422655665,18.0
2023-04-21T18:52:01.998372,TRX-USD,SELL,0.0655,SUSHI-USD,BUY,1.053,1.792185337216097,21.0
2023-04-21T18:52:40.975628,TRX-USD,SELL,0.0655,UMA-USD,BUY,1.97,1.6135049545147757,7.0
2023-04-21T18:53:19.585521,TRX-USD,SELL,0.0655,BTC-USD,BUY,27843.0,1.568905347105276,14.0
2023-04-21T18:54:00.284491,TRX-USD,SELL,0.0655,DOGE-USD,BUY,0.0817,2.2904627658427903,20.0
2023-04-21T18:54:39.172774,TRX-USD,SELL,0.0655,LTC-USD,BUY,88.4,1.7935014509145695,19.0
2023-04-21T18:55:17.851611,TRX-USD,SELL,0.0655,UNI-USD,BUY,5.628,2.2952521155307766,14.0
2023-04-21T18:55:56.629080,TRX-USD,SELL,0.0655,MATIC-USD,BUY,1.0319,1.6167739275693138,16.0
2023-04-21T18:56:52.547943,XMR-USD,SELL,153.8,UMA-USD,BUY,1.97,1.7950345919570532,6.0
2023-04-21T18:57:38.676417,DOT-USD,SELL,6.02,UNI-USD,BUY,5.628,2.1922339535254225,11.0
2023-04-21T18:58:24.836069,UNI-USD,BUY,5.628,MATIC-USD,SELL,1.0319,-1.9588758968458175,8.0
2023-04-21T18:59:10.342208,SNX-USD,SELL,2.649,LINK-USD,BUY,7.269,1.889785098962579,20.0
2023-04-21T18:59:58.638844,MKR-USD,SELL,716.0,NEAR-USD,BUY,1.977,2.3683426649572135,15.0
2023-04-21T19:00:37.359307,MKR-USD,SELL,716.0,ETH-USD,BUY,1882.9,2.083952607138974,11.0
2023-04-21T19:01:16.055304,BCH-USD,SELL,124.0,1INCH-USD,BUY,0.506,1.891753353323406,13.0
2023-04-21T19:01:58.197944,RUNE-USD,BUY,1.422,SUSHI-USD,SELL,1.053,-1.630609106388546,18.0
2023-04-21T19:02:37.168928,RUNE-USD,BUY,1.422,1INCH-USD,SELL,0.506,-1.6342748513754604,23.0
2023-04-21T19:03:19.489595,ZRX-USD,SELL,0.264,UNI-USD,BUY,5.628,1.8224124843134735,20.0
2023-04-21T19:04:01.890441,TRX-USD,SELL,0.0655,COMP-USD,BUY,39.6,1.8578580093880281,18.0
2023-04-21T19:04:44.532465,TRX-USD,SELL,0.0655,SUSHI-USD,BUY,1.053,1.5992868936699052,21.0
2023-04-21T19:05:24.799729,TRX-USD,SELL,0.0654,BTC-USD,BUY,27662.0,1.9745732075070834,14.0
2023-04-21T19:06:05.595506,TRX-USD,SELL,0.0651,DOGE-USD,BUY,0.0814,1.7747399178165306,20.0
2023-04-21T19:06:44.464591,TRX-USD,SELL,0.0651,LTC-USD,BUY,87.7,1.7125742103709394,19.0
2023-04-21T19:07:23.297265,TRX-USD,SELL,0.0651,UNI-USD,BUY,5.554,2.350036389475296,14.0
2023-04-21T19:08:01.880823,TRX-USD,SELL,0.0651,MATIC-USD,BUY,1.0195,1.970344293751359,16.0
2023-04-21T19:08:40.470139,TRX-USD,SELL,0.065,1INCH-USD,BUY,0.497,2.5069604884569805,18.0
2023-04-21T19:09:22.735258,COMP-USD,BUY,38.4,MATIC-USD,SELL,1.0106,-2.2051019653327404,6.0
2023-04-21T19:10:01.556275,COMP-USD,BUY,38.4,1INCH-USD,SELL,0.492,-1.63946670223379,6.0
2023-04-21T19:10:43.694787,NEAR-USD,BUY,1.911,ETH-USD,SELL,1847.1,-3.235024117453962,15.0
2023-04-21T19:11:24.288074,XMR-USD,SELL,151.2,UMA-USD,BUY,1.92,2.4188363299502393,6.0
2023-04-21T19:12:03.050754,XMR-USD,SELL,151.2,1INCH-USD,BUY,0.492,2.379894777640347,20.0
2023-04-21T19:12:49.533727,DOT-USD,BUY,5.84,MATIC-USD,SELL,1.0106,-1.6489864249060926,11.0
2023-04-21T19:13:33.754944,UNI-USD,BUY,5.475,MATIC-USD,SELL,1.0106,-2.699269049874118,8.0
2023-04-21T19:14:19.116570,SNX-USD,BUY,2.549,LINK-USD,SELL,7.136,-1.667873972924901,20.0
2023-04-21T19:14:59.747670,XTZ-USD,SELL,1.001,UNI-USD,BUY,5.469,1.6210090435482234,9.0
2023-04-21T19:15:42.490542,ZEC-USD,SELL,36.3,FIL-USD,BUY,5.23,1.6748708324124442,9.0
2023-04-21T19:16:24.981405,BCH-USD,SELL,120.0,1INCH-USD,BUY,0.491,1.5455448926623947,13.0
2023-04-21T19:17:07.811058,RUNE-USD,BUY,1.371,SUSHI-USD,SELL,1.02,-1.8186842034910127,18.0
2023-04-21T19:17:46.763935,RUNE-USD,BUY,1.371,1INCH-USD,SELL,0.491,-1.8732967007982944,23.0
2023-04-21T19:18:25.636078,FIL-USD,BUY,5.23,1INCH-USD,SELL,0.491,-2.5494994321531905,14.0
2023-04-21T19:19:06.390411,ZRX-USD,SELL,0.257,UNI-USD,BUY,5.466,2.1024963314343044,20.0
2023-04-21T19:19:48.693142,TRX-USD,SELL,0.065,COMP-USD,BUY,38.5,2.984515486089449,18.0
2023-04-21T19:20:27.821442,TRX-USD,SELL,0.065,XLM-USD,BUY,0.0935,2.7752627324567265,20.0
2023-04-21T19:21:06.475938,TRX-USD,SELL,0.065,XMR-USD,BUY,150.2,2.3998580191659173,9.0
2023-04-21T19:21:45.228633,TRX-USD,SELL,0.065,SUSHI-USD,BUY,1.027,2.781245645637088,21.0
2023-04-21T19:22:23.939377,TRX-USD,SELL,0.065,UMA-USD,BUY,1.91,3.0082083243260933,7.0
2023-04-21T19:23:02.589472,TRX-USD,SELL,0.065,BTC-USD,BUY,27419.0,2.2008482716755933,14.0
2023-04-21T19:23:41.464766,TRX-USD,SELL,0.065,DOT-USD,BUY,5.84,2.8032801602686472,12.0
2023-04-21T19:24:20.575238,TRX-USD,SELL,0.065,DOGE-USD,BUY,0.0795,2.8494383524121103,20.0
2023-04-21T19:24:59.082956,TRX-USD,SELL,0.065,LTC-USD,BUY,85.4,3.1372583343783487,19.0
2023-04-21T19:25:37.976747,TRX-USD,SELL,0.065,UNI-USD,BUY,5.487,2.8373662662294485,14.0
2023-04-21T19:26:16.597449,TRX-USD,SELL,0.065,MATIC-USD,BUY,1.0096,2.543574206782357,16.0
2023-04-21T19:26:55.248323,TRX-USD,SELL,0.065,1INCH-USD,BUY,0.495,2.7877352581305033,18.0
2023-04-21T19:27:37.479263,COMP-USD,BUY,38.5,MATIC-USD,SELL,1.0156,-2.4409791915979273,6.0
2023-04-21T19:28:15.969743,COMP-USD,BUY,38.5,1INCH-USD,SELL,0.495,-2.1401316315787944,6.0
2023-04-21T19:28:58.865645,NEAR-USD,BUY,1.927,ETH-USD,SELL,1852.3,-2.6695838087164616,15.0
2023-04-21T19:29:37.452377,ALGO-USD,SELL,0.1849,UMA-USD,BUY,1.91,2.1792354963801643,22.0
2023-04-21T19:30:15.995966,XMR-USD,SELL,150.2,UMA-USD,BUY,1.91,2.281053831362122,6.0
2023-04-21T19:31:03.944498,DOT-USD,BUY,5.84,MATIC-USD,SELL,1.0139,-2.055522066033938,11.0
2023-04-21T19:31:42.502929,DOT-USD,BUY,5.84,1INCH-USD,SELL,0.495,-1.5141795770506439,11.0
2023-04-21T19:32:21.098111,LTC-USD,BUY,85.5,1INCH-USD,SELL,0.495,-1.975194132094612,11.0
2023-04-21T19:33:01.694450,UNI-USD,BUY,5.487,MATIC-USD,SELL,1.0139,-2.7975707635756484,8.0
2023-04-21T19:33:47.410029,SNX-USD,BUY,2.544,LINK-USD,SELL,7.144,-2.0718655165587614,20.0
2023-04-21T19:34:41.422435,CELO-USD,SELL,0.604,RUNE-USD,BUY,1.371,1.5259546890043727,11.0
2023-04-21T19:35:21.882886,RUNE-USD,BUY,1.371,SUSHI-USD,SELL,1.028,-2.214668804832402,18.0
2023-04-21T19:36:00.770799,RUNE-USD,BUY,1.371,1INCH-USD,SELL,0.495,-2.235435662159961,23.0
2023-04-21T19:36:39.611520,FIL-USD,BUY,5.26,1INCH-USD,SELL,0.495,-2.7764422091554426,14.0
2023-04-21T19:37:20.441233,ZRX-USD,SELL,0.257,UNI-USD,BUY,5.487,1.7739343003659365,20.0
2023-04-21T19:38:02.816273,TRX-USD,SELL,0.065,COMP-USD,BUY,38.5,2.984515486089449,18.0
2023-04-21T19:38:41.341463,TRX-USD,SELL,0.065,XLM-USD,BUY,0.0935,2.7752627324567265,20.0
2023-04-21T19:39:20.432178,TRX-USD,SELL,0.065,XMR-USD,BUY,150.2,2.3998580191659173,9.0
2023-04-21T19:39:59.162734,TRX-USD,SELL,0.065,SUSHI-USD,BUY,1.028,2.7307532069932905,21.0
2023-04-21T19:46:25.320841,SNX-USD,BUY,2.523,LINK-USD,SELL,7.094,-2.2182976085639026,20.0
2023-04-21T19:47:20.992165,CELO-USD,SELL,0.607,RUNE-USD,BUY,1.375,1.6368242317864636,14.0
2023-04-21T19:48:01.583151,RUNE-USD,BUY,1.375,SUSHI-USD,SELL,1.031,-2.221171322286331,16.0
2023-04-21T19:48:40.534581,RUNE-USD,BUY,1.375,1INCH-USD,SELL,0.495,-2.1181074078586377,23.0
2023-04-21T19:49:19.117672,ZRX-USD,BUY,0.255,XLM-USD,SELL,0.0935,-2.223265012398627,21.0
2023-04-21T19:50:00.018319,ZRX-USD,BUY,0.255,MATIC-USD,SELL,1.015,-1.7120470957642968,23.0
2023-04-21T19:50:40.468647,TRX-USD,SELL,0.065,COMP-USD,BUY,38.7,2.7598217242082317,19.0
2023-04-21T19:51:19.136581,TRX-USD,SELL,0.065,XLM-USD,BUY,0.0935,2.7757305534043377,20.0
2023-04-21T19:51:57.929169,TRX-USD,SELL,0.065,XMR-USD,BUY,149.8,2.631924367735059,9.0
2023-04-21T19:52:36.514590,TRX-USD,SELL,0.065,SUSHI-USD,BUY,1.03,2.624168820295413,22.0
2023-04-21T19:53:15.470269,TRX-USD,SELL,0.0649,UMA-USD,BUY,1.91,2.935860798250938,7.0
2023-04-21T19:53:54.125501,TRX-USD,SELL,0.0649,BTC-USD,BUY,27292.0,2.4515900015785714,14.0
2023-04-21T19:54:32.999696,TRX-USD,SELL,0.0649,DOT-USD,BUY,5.83,2.8057691981200605,12.0
2023-04-21T19:55:11.601768,TRX-USD,SELL,0.0649,DOGE-USD,BUY,0.0791,2.96382811206874,20.0
2023-04-21T19:55:50.286802,TRX-USD,SELL,0.0649,LTC-USD,BUY,85.7,2.9367945399309443,20.0
2023-04-21T19:56:29.146535,TRX-USD,SELL,0.0649,UNI-USD,BUY,5.469,2.899172895016521,14.0
2023-04-21T19:57:07.916556,TRX-USD,SELL,0.0649,MATIC-USD,BUY,1.015,2.0569164606723795,16.0
2023-04-21T19:57:46.810394,TRX-USD,SELL,0.0649,1INCH-USD,BUY,0.491,3.1384197561617317,18.0
2023-04-21T19:58:29.596311,COMP-USD,BUY,38.6,MATIC-USD,SELL,1.015,-2.1232231115611553,6.0
2023-04-21T19:59:08.680386,XLM-USD,SELL,0.0935,EOS-USD,BUY,1.04,3.232129525207661,24.0
2023-04-21T19:59:51.159150,NEAR-USD,BUY,1.911,ETH-USD,SELL,1845.3,-3.1491851496149277,15.0
2023-04-21T20:00:29.922107,ALGO-USD,SELL,0.1838,UMA-USD,BUY,1.91,1.6359228432252058,21.0
2023-04-21T20:01:08.692431,XMR-USD,SELL,149.8,UMA-USD,BUY,1.91,1.759878136281027,6.0
2023-04-21T20:01:53.077827,DOT-USD,BUY,5.83,MATIC-USD,SELL,1.015,-2.0607011294439936,11.0
2023-04-21T20:02:37.795992,UNI-USD,BUY,5.481,MATIC-USD,SELL,1.0127,-2.212440594220996,7.0
2023-04-21T20:03:23.567440,SNX-USD,BUY,2.519,LINK-USD,SELL,7.088,-1.9947958969171333,20.0
2023-04-21T20:04:17.626814,BCH-USD,SELL,120.4,1INCH-USD,BUY,0.491,1.7051397321999642,12.0
2023-04-21T20:04:56.619732,CELO-USD,SELL,0.604,RUNE-USD,BUY,1.367,1.543834536474092,14.0
2023-04-21T20:05:36.992992,RUNE-USD,BUY,1.367,SUSHI-USD,SELL,1.025,-1.81995961874823,16.0
2023-04-21T20:06:15.763338,RUNE-USD,BUY,1.367,1INCH-USD,SELL,0.491,-1.7598910950137079,23.0
2023-04-21T20:06:54.619154,ZRX-USD,BUY,0.254,XLM-USD,SELL,0.0936,-2.2963484163278034,21.0
2023-04-21T20:07:33.644946,ZRX-USD,SELL,0.255,UNI-USD,BUY,5.435,1.858772873154685,20.0
2023-04-21T20:08:16.363168,TRX-USD,SELL,0.0644,COMP-USD,BUY,38.5,2.067485554377562,19.0
2023-04-21T20:08:59.078909,TRX-USD,SELL,0.0644,SUSHI-USD,BUY,1.022,2.209143050572367,22.0
2023-04-21T20:09:37.819099,TRX-USD,SELL,0.0644,UMA-USD,BUY,1.88,2.8199548607838767,7.0
2023-04-21T20:10:18.594966,TRX-USD,SELL,0.0644,DOT-USD,BUY,5.8,2.232477201650153,12.0
2023-04-21T20:10:57.253440,TRX-USD,SELL,0.0644,DOGE-USD,BUY,0.0779,2.678469806479001,20.0
2023-04-21T20:11:36.115220,TRX-USD,SELL,0.0644,LTC-USD,BUY,85.4,2.3034233799883252,20.0
2023-04-21T20:12:14.729252,TRX-USD,SELL,0.0644,UNI-USD,BUY,5.464,2.148055620800397,14.0
2023-04-21T20:12:53.503906,TRX-USD,SELL,0.0644,MATIC-USD,BUY,1.0089,1.760324962573238,16.0
2023-04-21T20:13:32.303710,TRX-USD,SELL,0.0644,1INCH-USD,BUY,0.49,2.240302455309345,18.0
2023-04-21T20:14:15.089043,COMP-USD,BUY,38.5,MATIC-USD,SELL,1.0089,-1.6646422419534328,6.0
2023-04-21T20:14:54.083389,XLM-USD,SELL,0.0936,EOS-USD,BUY,1.035,2.963620106544053,24.0
2023-04-21T20:15:32.831228,EOS-USD,SELL,1.035,UMA-USD,BUY,1.88,2.267981856003888,18.0
2023-04-21T20:16:11.859002,NEAR-USD,BUY,1.902,ADA-USD,SELL,0.384,-1.7627614333882582,12.0
2023-04-21T20:16:50.599485,NEAR-USD,BUY,1.902,ETH-USD,SELL,1840.1,-2.6452615181221226,15.0
2023-04-21T20:17:29.275084,ALGO-USD,SELL,0.1836,UMA-USD,BUY,1.88,2.692382298719229,21.0
2023-04-21T20:18:07.981938,XMR-USD,SELL,149.8,UMA-USD,BUY,1.88,2.9181980887639645,6.0
2023-04-21T20:18:50.266971,UMA-USD,BUY,1.88,1INCH-USD,SELL,0.49,-1.9644388979473466,10.0
2023-04-21T20:19:29.100836,DOT-USD,BUY,5.8,MATIC-USD,SELL,1.0124,-2.317431934389718,11.0
2023-04-21T20:20:13.395072,UNI-USD,BUY,5.469,MATIC-USD,SELL,1.0124,-2.3820274093883187,7.0
2023-04-21T20:20:58.840726,SNX-USD,BUY,2.499,LINK-USD,SELL,7.095,-2.7781206647265893,20.0
2023-04-21T20:21:53.615830,CELO-USD,SELL,0.604,RUNE-USD,BUY,1.367,1.543834536474092,14.0
2023-04-21T20:22:34.230638,RUNE-USD,BUY,1.367,SUSHI-USD,SELL,1.024,-1.7748782207285343,16.0
2023-04-21T20:23:13.062967,RUNE-USD,BUY,1.365,1INCH-USD,SELL,0.49,-1.7298583657802578,23.0
2023-04-21T20:23:51.603553,ZRX-USD,BUY,0.255,XLM-USD,SELL,0.0936,-1.9810004389473292,21.0
2023-04-21T20:24:35.766501,TRX-USD,SELL,0.0644,COMP-USD,BUY,38.3,2.3434069157951787,19.0
2023-04-21T20:25:14.647304,TRX-USD,SELL,0.0644,XLM-USD,BUY,0.0932,1.6851083640578854,20.0
2023-04-21T20:25:55.246091,TRX-USD,SELL,0.0644,SUSHI-USD,BUY,1.024,2.0806941929653866,22.0
2023-04-21T20:26:33.830781,TRX-USD,SELL,0.0644,UMA-USD,BUY,1.9,2.32650962863033,7.0
2023-04-21T20:27:14.375843,TRX-USD,SELL,0.0644,DOT-USD,BUY,5.8,2.232477201650153,12.0
2023-04-21T20:27:53.044163,TRX-USD,SELL,0.0644,DOGE-USD,BUY,0.0778,2.71694370013479,20.0
2023-04-21T20:28:31.825593,TRX-USD,SELL,0.0644,LTC-USD,BUY,85.8,2.0318810207615297,20.0
2023-04-21T20:29:10.333764,TRX-USD,SELL,0.0644,UNI-USD,BUY,5.469,2.1032785426581246,14.0
2023-04-21T20:29:49.041025,TRX-USD,SELL,0.0644,MATIC-USD,BUY,1.0101,1.653033384483027,16.0
2023-04-21T20:30:27.704240,TRX-USD,SELL,0.0644,1INCH-USD,BUY,0.49,2.240302455309345,18.0
2023-04-21T20:31:10.049138,COMP-USD,BUY,38.3,MATIC-USD,SELL,1.0101,-2.357463512393952,6.0
2023-04-21T20:31:48.794671,XLM-USD,SELL,0.0932,EOS-USD,BUY,1.035,2.59667507890439,24.0
2023-04-21T20:32:31.515813,NEAR-USD,BUY,1.909,ETH-USD,SELL,1847.1,-2.6733446528966596,15.0
2023-04-21T20:33:10.195848,ALGO-USD,SELL,0.1836,UMA-USD,BUY,1.9,1.8909414565872842,21.0
2023-04-21T20:33:49.173593,XMR-USD,SELL,150.4,UMA-USD,BUY,1.9,2.5343703887657947,6.0
2023-04-21T20:34:33.811364,DOT-USD,BUY,5.8,MATIC-USD,SELL,1.0101,-2.107476404627011,11.0
2023-04-21T20:35:18.184333,UNI-USD,BUY,5.469,MATIC-USD,SELL,1.0101,-2.1773121263982835,7.0
2023-04-21T20:36:03.958788,SNX-USD,BUY,2.509,LINK-USD,SELL,7.066,-2.0850449555456296,20.0
2023-04-21T20:36:59.808558,CELO-USD,SELL,0.603,RUNE-USD,BUY,1.365,1.531273168387095,14.0
2023-04-21T20:37:40.209773,RUNE-USD,BUY,1.365,SUSHI-USD,SELL,1.024,-1.8390325105896947,16.0
2023-04-21T20:38:18.795622,RUNE-USD,BUY,1.365,1INCH-USD,SELL,0.49,-1.7298583657802578,23.0
2023-04-21T20:38:57.613948,ZRX-USD,BUY,0.255,XLM-USD,SELL,0.0932,-1.5737038910199577,21.0
2023-04-21T20:39:42.022483,TRX-USD,SELL,0.0645,COMP-USD,BUY,38.3,2.426382243937308,19.0
2023-04-21T20:46:16.750573,SNX-USD,BUY,2.479,LINK-USD,SELL,7.068,-3.037093690290788,19.0
2023-04-21T20:47:02.806189,ZEC-USD,SELL,36.2,FIL-USD,BUY,5.18,2.1153656302248063,10.0
2023-04-21T20:47:52.157177,RUNE-USD,BUY,1.365,1INCH-USD,SELL,0.491,-1.8226740742531893,23.0
2023-04-21T20:48:30.730154,FIL-USD,BUY,5.18,1INCH-USD,SELL,0.491,-3.0598093458430156,14.0
2023-04-21T20:49:09.334350,ZRX-USD,BUY,0.253,XLM-USD,SELL,0.0932,-2.2601758874532774,23.0
2023-04-21T20:49:51.710430,TRX-USD,SELL,0.0645,COMP-USD,BUY,38.4,2.2986921584523707,19.0
2023-04-21T20:50:30.349623,TRX-USD,SELL,0.0645,XLM-USD,BUY,0.0932,1.9669989899271823,20.0
2023-04-21T20:51:10.787594,TRX-USD,SELL,0.0645,SUSHI-USD,BUY,1.024,2.191047327524405,22.0
2023-04-21T20:51:49.309040,TRX-USD,SELL,0.0645,UMA-USD,BUY,1.9,2.4145714835219896,7.0
2023-04-21T20:52:27.889376,TRX-USD,SELL,0.0645,BTC-USD,BUY,27295.0,1.6073358987737845,14.0
2023-04-21T20:53:06.385078,TRX-USD,SELL,0.0645,DOT-USD,BUY,5.83,2.036644842410829,12.0
2023-04-21T20:53:44.922079,TRX-USD,SELL,0.0646,DOGE-USD,BUY,0.0779,2.777759619735964,20.0
2023-04-21T20:54:23.485976,TRX-USD,SELL,0.0646,LTC-USD,BUY,85.0,2.6935203916446286,21.0
2023-04-21T20:55:02.014801,TRX-USD,SELL,0.0646,UNI-USD,BUY,5.447,2.4401228775508055,15.0
2023-04-21T20:55:40.610666,TRX-USD,SELL,0.0646,MATIC-USD,BUY,1.0102,1.9392432581138674,16.0
2023-04-21T20:56:19.296369,TRX-USD,SELL,0.0646,1INCH-USD,BUY,0.489,2.5619795007341897,19.0
2023-04-21T20:57:01.448185,COMP-USD,BUY,38.4,MATIC-USD,SELL,1.0107,-2.162428452672805,7.0
2023-04-21T20:57:41.925121,EOS-USD,SELL,1.04,UMA-USD,BUY,1.9,1.5725875427523484,18.0
2023-04-21T20:58:22.317837,NEAR-USD,BUY,1.908,ETH-USD,SELL,1841.2,-2.3933848890113434,15.0
2023-04-21T20:59:00.965320,ALGO-USD,SELL,0.1835,UMA-USD,BUY,1.9,1.8437426621891815,22.0
2023-04-21T20:59:39.723305,XMR-USD,SELL,150.4,UMA-USD,BUY,1.9,2.5344667724806453,6.0
2023-04-21T21:00:23.977265,DOT-USD,BUY,5.81,MATIC-USD,SELL,1.0107,-1.9901356222494253,11.0
2023-04-21T21:01:04.448341,UNI-USD,BUY,5.447,MATIC-USD,SELL,1.0088,-1.9883457960419986,7.0
2023-04-21T21:01:50.484337,SNX-USD,BUY,2.479,LINK-USD,SELL,7.034,-2.182064181835834,19.0
2023-04-21T21:02:31.100449,XTZ-USD,SELL,0.998,UNI-USD,BUY,5.447,1.5381133083433933,9.0
2023-04-21T21:03:13.368055,ZEC-USD,SELL,36.1,FIL-USD,BUY,5.15,1.9267611515920857,10.0
2023-04-21T21:04:01.198566,CELO-USD,BUY,0.597,SUSHI-USD,SELL,1.021,-1.5263756868924023,10.0
2023-04-21T21:04:41.830764,FIL-USD,BUY,5.15,1INCH-USD,SELL,0.489,-2.4021255826385706,14.0
2023-04-21T21:05:20.530410,ZRX-USD,BUY,0.252,XLM-USD,SELL,0.0924,-1.5522639038268349,23.0
2023-04-21T21:06:02.856002,TRX-USD,SELL,0.0644,COMP-USD,BUY,38.3,1.9673983095096685,19.0
2023-04-21T21:06:41.476146,TRX-USD,SELL,0.0644,XLM-USD,BUY,0.0924,2.331719672412729,20.0
2023-04-21T21:07:22.019643,TRX-USD,SELL,0.0644,SUSHI-USD,BUY,1.018,2.0692962052534978,22.0
2023-04-21T21:08:00.810137,TRX-USD,SELL,0.0644,UMA-USD,BUY,1.89,2.184067298249184,7.0
2023-04-21T21:08:41.132448,TRX-USD,SELL,0.0644,DOT-USD,BUY,5.81,1.7957698984562271,12.0
2023-04-21T21:09:19.830951,TRX-USD,SELL,0.0644,DOGE-USD,BUY,0.0775,2.2423415646268547,20.0
2023-04-21T21:09:58.419181,TRX-USD,SELL,0.0644,LTC-USD,BUY,84.8,2.180900972652407,21.0
2023-04-21T21:10:36.977499,TRX-USD,SELL,0.0644,UNI-USD,BUY,5.447,1.9126510080186405,15.0
2023-04-21T21:11:15.759056,TRX-USD,SELL,0.0644,MATIC-USD,BUY,1.0088,1.5396738529157636,16.0
2023-04-21T21:11:54.429420,TRX-USD,SELL,0.0644,1INCH-USD,BUY,0.489,1.931593908127699,19.0
2023-04-21T21:12:36.698279,COMP-USD,BUY,38.3,MATIC-USD,SELL,1.0088,-1.9438735341076052,7.0
2023-04-21T21:13:17.023493,EOS-USD,SELL,1.039,UMA-USD,BUY,1.89,1.9257577574157854,18.0
2023-04-21T21:13:57.378212,NEAR-USD,BUY,1.901,ETH-USD,SELL,1843.2,-2.4798881458243622,15.0
2023-04-21T21:14:35.945691,ALGO-USD,SELL,0.1831,UMA-USD,BUY,1.89,1.9273152851499697,22.0
2023-04-21T21:15:14.581527,XMR-USD,SELL,150.6,UMA-USD,BUY,1.89,2.526853336616721,6.0
2023-04-21T21:15:58.618731,DOT-USD,BUY,5.81,MATIC-USD,SELL,1.0088,-1.5363864487443077,11.0
2023-04-21T21:16:39.131277,UNI-USD,BUY,5.428,MATIC-USD,SELL,1.0088,-2.2655740758793494,7.0
2023-04-21T21:17:24.750787,SNX-USD,BUY,2.477,LINK-USD,SELL,7.046,-2.360658051514374,19.0
2023-04-21T21:18:05.150541,XTZ-USD,SELL,0.995,UNI-USD,BUY,5.428,1.5827072791145784,9.0
2023-04-21T21:18:47.459755,ZEC-USD,SELL,36.1,FIL-USD,BUY,5.17,1.6565022168934107,10.0
2023-04-21T21:19:38.728355,FIL-USD,BUY,5.17,1INCH-USD,SELL,0.489,-2.1393158784127606,14.0
2023-04-21T21:20:17.430289,ZRX-USD,BUY,0.252,XLM-USD,SELL,0.0924,-1.5522639038268349,23.0
2023-04-21T21:21:00.012713,TRX-USD,SELL,0.0644,COMP-USD,BUY,38.3,1.9673983095096685,19.0
2023-04-21T21:21:38.524202,TRX-USD,SELL,0.0644,XLM-USD,BUY,0.0924,2.331719672412729,20.0
2023-04-21T21:22:18.880855,TRX-USD,SELL,0.0644,SUSHI-USD,BUY,1.022,1.8326580875482532,22.0
2023-04-21T21:22:57.472304,TRX-USD,SELL,0.0644,UMA-USD,BUY,1.89,2.184067298249184,7.0
2023-04-21T21:23:37.983082,TRX-USD,SELL,0.0644,DOT-USD,BUY,5.81,1.7957698984562271,12.0
2023-04-21T21:24:16.516991,TRX-USD,SELL,0.0644,DOGE-USD,BUY,0.0779,2.0878404527219163,20.0
2023-04-21T21:24:55.140896,TRX-USD,SELL,0.0644,LTC-USD,BUY,85.0,2.06874793037811,21.0
2023-04-21T21:25:33.875014,TRX-USD,SELL,0.0644,UNI-USD,BUY,5.428,2.0659384233204103,15.0
2023-04-21T21:26:12.453946,TRX-USD,SELL,0.0644,MATIC-USD,BUY,1.0088,1.5396738529157636,16.0
2023-04-21T21:26:51.044876,TRX-USD,SELL,0.0644,1INCH-USD,BUY,0.489,1.931593908127699,19.0
2023-04-21T21:27:33.439708,COMP-USD,BUY,38.3,MATIC-USD,SELL,1.0088,-1.9438735341076052,7.0
2023-04-21T21:28:13.835547,EOS-USD,SELL,1.039,UMA-USD,BUY,1.89,1.9257577574157854,18.0
2023-04-21T21:28:54.354475,NEAR-USD,BUY,1.901,ETH-USD,SELL,1843.4,-2.489653252598109,15.0
2023-04-21T21:29:32.994533,ALGO-USD,SELL,0.1834,UMA-USD,BUY,1.89,2.0489267646762688,22.0
2023-04-21T21:30:11.580250,XMR-USD,SELL,150.6,UMA-USD,BUY,1.89,2.526853336616721,6.0
2023-04-21T21:30:55.594693,DOT-USD,BUY,5.81,MATIC-USD,SELL,1.0088,-1.5363864487443077,11.0
2023-04-21T21:31:36.150738,UNI-USD,BUY,5.428,MATIC-USD,SELL,1.0088,-2.2655740758793494,7.0
2023-04-21T21:32:21.609769,SNX-USD,BUY,2.477,LINK-USD,SELL,7.061,-2.5006497950912636,19.0
2023-04-21T21:33:02.113796,XTZ-USD,SELL,0.995,UNI-USD,BUY,5.428,1.5827072791145784,9.0
2023-04-21T21:33:44.253761,ZEC-USD,SELL,36.1,FIL-USD,BUY,5.17,1.6565022168934107,10.0
2023-04-21T21:34:35.766776,FIL-USD,BUY,5.17,1INCH-USD,SELL,0.489,-2.1393158784127606,14.0
2023-04-21T21:35:14.306185,ZRX-USD,BUY,0.252,XLM-USD,SELL,0.0924,-1.5522639038268349,23.0
2023-04-21T21:35:56.507358,TRX-USD,SELL,0.0644,COMP-USD,BUY,38.3,1.9673983095096685,19.0
2023-04-21T21:36:35.049678,TRX-USD,SELL,0.0644,XLM-USD,BUY,0.0924,2.331719672412729,20.0
2023-04-21T21:37:15.548830,TRX-USD,SELL,0.0644,SUSHI-USD,BUY,1.022,1.8326580875482532,22.0
2023-04-21T21:37:54.223024,TRX-USD,SELL,0.0644,UMA-USD,BUY,1.89,2.184067298249184,7.0
2023-04-21T21:38:34.634749,TRX-USD,SELL,0.0644,DOT-USD,BUY,5.81,1.7957698984562271,12.0
2023-04-21T21:39:13.284687,TRX-USD,SELL,0.0644,DOGE-USD,BUY,0.078,2.0475190098461913,20.0
2023-04-21T21:39:51.854375,TRX-USD,SELL,0.0644,LTC-USD,BUY,85.0,2.06874793037811,21.0
2023-04-21T21:46:16.121461,SNX-USD,BUY,2.49,LINK-USD,SELL,7.081,-2.346120101618578,19.0
2023-04-21T21:47:01.842656,ZEC-USD,SELL,36.3,FIL-USD,BUY,5.2,1.6546290717674585,10.0
2023-04-21T21:47:52.875371,FIL-USD,BUY,5.2,1INCH-USD,SELL,0.489,-1.6799017072425124,15.0
2023-04-21T21:48:33.197605,ZRX-USD,BUY,0.252,XLM-USD,SELL,0.0924,-1.552867275980521,16.0
2023-04-21T21:49:13.594082,ZRX-USD,BUY,0.252,MATIC-USD,SELL,1.0108,-2.148307746778308,16.0
2023-04-21T21:49:52.288455,TRX-USD,SELL,0.0644,COMP-USD,BUY,38.6,1.5519270531932265,19.0
2023-04-21T21:50:30.807563,TRX-USD,SELL,0.0644,XLM-USD,BUY,0.0924,2.3321636343238663,20.0
2023-04-21T21:51:09.333972,TRX-USD,SELL,0.0644,UMA-USD,BUY,1.9,1.9180867835838789,8.0
2023-04-21T21:51:47.922863,TRX-USD,SELL,0.0644,DOT-USD,BUY,5.81,1.795855682075785,12.0
2023-04-21T21:52:26.404974,TRX-USD,SELL,0.0644,DOGE-USD,BUY,0.078,2.0475020176290926,20.0
2023-04-21T21:53:05.019779,TRX-USD,SELL,0.0644,LTC-USD,BUY,85.0,2.0687953829264165,22.0
2023-04-21T21:53:43.546990,TRX-USD,SELL,0.0644,UNI-USD,BUY,5.444,1.9375512642987376,15.0
2023-04-21T21:54:23.778243,TRX-USD,SELL,0.0644,1INCH-USD,BUY,0.489,1.931722718091849,19.0
2023-04-21T21:55:04.083974,COMP-USD,BUY,38.6,MATIC-USD,SELL,1.013,-1.571436219623705,6.0
2023-04-21T21:55:46.245850,EOS-USD,SELL,1.042,UMA-USD,BUY,1.9,1.6329605310906965,18.0
2023-04-21T21:56:26.640306,NEAR-USD,BUY,1.906,ETH-USD,SELL,1844.3,-2.299093461215479,16.0
2023-04-21T21:57:05.642054,ALGO-USD,SELL,0.184,UMA-USD,BUY,1.9,1.8657012752659161,21.0
2023-04-21T21:57:44.205264,XMR-USD,SELL,150.6,UMA-USD,BUY,1.9,2.205656425521558,6.0
2023-04-21T21:58:33.520108,UNI-USD,BUY,5.437,MATIC-USD,SELL,1.0098,-2.215673180971431,7.0
2023-04-21T21:59:18.610914,SNX-USD,BUY,2.475,LINK-USD,SELL,7.065,-2.584692518378818,19.0
2023-04-21T22:00:04.290233,ZEC-USD,SELL,36.3,FIL-USD,BUY,5.2,1.6546290717674585,10.0
2023-04-21T22:00:55.390058,FIL-USD,BUY,5.2,1INCH-USD,SELL,0.489,-1.5029045260308271,15.0
2023-04-21T22:01:37.611746,ZRX-USD,SELL,0.255,UNI-USD,BUY,5.437,1.579663998422181,14.0
2023-04-21T22:02:17.992598,TRX-USD,SELL,0.0644,COMP-USD,BUY,38.5,1.5315378313489119,19.0
2023-04-21T22:02:56.646366,TRX-USD,SELL,0.0644,XLM-USD,BUY,0.0924,1.9743897967249426,20.0
2023-04-21T22:03:35.261087,TRX-USD,SELL,0.0644,UMA-USD,BUY,1.9,1.6815465981495739,8.0
2023-04-21T22:04:13.834034,TRX-USD,SELL,0.0648,DOT-USD,BUY,5.82,1.8712891602125885,12.0
2023-04-21T22:04:52.498253,TRX-USD,SELL,0.0648,DOGE-USD,BUY,0.0776,2.0990570044014425,20.0
2023-04-21T22:05:31.016830,TRX-USD,SELL,0.0648,LTC-USD,BUY,84.7,2.251656133585872,22.0
2023-04-21T22:06:09.561218,TRX-USD,SELL,0.0648,UNI-USD,BUY,5.422,2.1351764166587706,15.0
2023-04-21T22:06:48.070010,TRX-USD,SELL,0.0648,MATIC-USD,BUY,1.0064,2.130461651360955,17.0
2023-04-21T22:07:26.615751,TRX-USD,SELL,0.0648,1INCH-USD,BUY,0.489,2.061241683186812,19.0
2023-04-21T22:08:16.083989,NEAR-USD,BUY,1.906,ETH-USD,SELL,1843.8,-1.9861152886341324,16.0
2023-04-21T22:08:54.670787,ALGO-USD,SELL,0.1837,UMA-USD,BUY,1.9,1.5363457898144366,21.0
2023-04-21T22:09:33.284428,XMR-USD,SELL,150.6,UMA-USD,BUY,1.9,1.8896406569402924,6.0
2023-04-21T22:10:19.097539,LTC-USD,BUY,84.7,1INCH-USD,SELL,0.489,-1.6842522791283987,13.0
2023-04-21T22:10:59.458122,UNI-USD,BUY,5.422,MATIC-USD,SELL,1.0062,-1.8318539267355494,7.0
2023-04-21T22:11:44.578349,SNX-USD,BUY,2.465,LINK-USD,SELL,7.04,-2.167929832021463,19.0
2023-04-21T22:12:24.773404,XTZ-USD,SELL,0.995,UNI-USD,BUY,5.422,1.6730142414007743,9.0
2023-04-21T22:13:21.355921,FIL-USD,BUY,5.2,1INCH-USD,SELL,0.489,-1.5029045260308271,15.0
2023-04-21T22:14:06.967649,TRX-USD,SELL,0.0648,COMP-USD,BUY,38.5,1.8825575022794,19.0
2023-04-21T22:14:45.451714,TRX-USD,SELL,0.0648,XLM-USD,BUY,0.0924,2.581975730493263,20.0
2023-04-21T22:15:24.385077,TRX-USD,SELL,0.0648,UMA-USD,BUY,1.9,2.0070210566954967,8.0
2023-04-21T22:16:03.039150,TRX-USD,SELL,0.0648,DOT-USD,BUY,5.81,1.9576644336718663,12.0
2023-04-21T22:16:41.571053,TRX-USD,SELL,0.0648,DOGE-USD,BUY,0.0778,2.027955804160416,20.0
2023-04-21T22:17:20.158510,TRX-USD,SELL,0.0648,LTC-USD,BUY,84.9,2.1541415930675396,22.0
2023-04-21T22:17:58.436256,TRX-USD,SELL,0.0648,UNI-USD,BUY,5.435,2.0428890929429997,15.0
2023-04-21T22:18:36.783932,TRX-USD,SELL,0.0648,MATIC-USD,BUY,1.0088,1.9585394352914083,17.0
2023-04-21T22:19:15.125781,TRX-USD,SELL,0.0648,1INCH-USD,BUY,0.489,2.061241683186812,19.0
2023-04-21T22:20:04.369291,NEAR-USD,BUY,1.912,ETH-USD,SELL,1847.1,-1.8614435955251192,16.0
2023-04-21T22:20:42.829351,ALGO-USD,SELL,0.1838,UMA-USD,BUY,1.9,1.5788345991603971,21.0
2023-04-21T22:21:21.252954,XMR-USD,SELL,150.6,UMA-USD,BUY,1.9,1.8896406569402924,6.0
2023-04-21T22:22:10.168938,UNI-USD,BUY,5.435,MATIC-USD,SELL,1.0088,-1.8467677618534115,7.0
2023-04-21T22:22:55.448911,SNX-USD,BUY,2.478,LINK-USD,SELL,7.066,-2.0760508345217956,19.0
2023-04-21T22:23:55.378457,FIL-USD,BUY,5.2,1INCH-USD,SELL,0.489,-1.5029045260308271,15.0
2023-04-21T22:24:41.809846,TRX-USD,SELL,0.0648,COMP-USD,BUY,38.5,1.8825575022794,19.0
2023-04-21T22:25:20.490925,TRX-USD,SELL,0.0648,XLM-USD,BUY,0.0928,2.2211159985425373,20.0
2023-04-21T22:25:58.904099,TRX-USD,SELL,0.0648,UMA-USD,BUY,1.9,2.0070210566954967,8.0
2023-04-21T22:26:37.209858,TRX-USD,SELL,0.0648,DOT-USD,BUY,5.82,1.8712891602125885,12.0
2023-04-21T22:27:15.554641,TRX-USD,SELL,0.0648,DOGE-USD,BUY,0.0778,2.027955804160416,20.0
2023-04-21T22:27:54.078327,TRX-USD,SELL,0.0648,LTC-USD,BUY,84.9,2.1541415930675396,22.0
2023-04-21T22:28:32.385413,TRX-USD,SELL,0.0648,UNI-USD,BUY,5.435,2.0428890929429997,15.0
2023-04-21T22:29:11.001483,TRX-USD,SELL,0.0648,MATIC-USD,BUY,1.0044,2.264477014064378,17.0
2023-04-21T22:29:49.437945,TRX-USD,SELL,0.0648,1INCH-USD,BUY,0.489,2.061241683186812,19.0
2023-04-21T22:30:39.428184,NEAR-USD,BUY,1.904,ETH-USD,SELL,1840.9,-1.92818899613111,16.0
2023-04-21T22:31:19.733906,XMR-USD,SELL,151.5,UMA-USD,BUY,1.9,2.263369831485532,6.0
2023-04-21T22:32:17.565651,SNX-USD,BUY,2.478,LINK-USD,SELL,7.05,-1.9286343039480844,19.0
2023-04-21T22:33:19.222435,FIL-USD,BUY,5.2,1INCH-USD,SELL,0.489,-1.5029045260308271,15.0
2023-04-21T22:34:04.897536,TRX-USD,SELL,0.0648,COMP-USD,BUY,38.5,1.8825575022794,19.0
2023-04-21T22:34:43.269172,TRX-USD,SELL,0.0648,XLM-USD,BUY,0.0928,2.2211159985425373,20.0
2023-04-21T22:35:21.496917,TRX-USD,SELL,0.0648,UMA-USD,BUY,1.9,2.0070210566954967,8.0
2023-04-21T22:35:59.722984,TRX-USD,SELL,0.0648,DOT-USD,BUY,5.82,1.8712891602125885,12.0
2023-04-21T22:36:38.080462,TRX-USD,SELL,0.0648,DOGE-USD,BUY,0.0778,2.027955804160416,20.0
2023-04-21T22:37:16.846935,TRX-USD,SELL,0.0648,LTC-USD,BUY,85.3,1.9456886342614943,22.0
2023-04-21T22:37:55.315889,TRX-USD,SELL,0.0648,UNI-USD,BUY,5.435,2.0428890929429997,15.0
2023-04-21T22:38:33.751203,TRX-USD,SELL,0.0648,MATIC-USD,BUY,1.0042,2.277422496018544,17.0
2023-04-21T22:39:12.254501,TRX-USD,SELL,0.0648,1INCH-USD,BUY,0.489,2.061241683186812,19.0
2023-04-21T22:40:02.294145,NEAR-USD,BUY,1.904,ETH-USD,SELL,1840.3,-1.8946212595729828,16.0
2023-04-21T23:46:24.999694,SNX-USD,BUY,2.495,LINK-USD,SELL,7.106,-1.749851805216361,20.0
2023-04-21T23:47:26.344561,FIL-USD,BUY,5.22,1INCH-USD,SELL,0.493,-1.7193304376349399,15.0
2023-04-21T23:48:07.080961,TRX-USD,SELL,0.0649,COMP-USD,BUY,38.5,1.729121499493404,20.0
2023-04-21T23:48:45.990664,TRX-USD,SELL,0.0649,XLM-USD,BUY,0.0927,2.1086304919315295,20.0
2023-04-21T23:49:26.627587,TRX-USD,SELL,0.0649,SUSHI-USD,BUY,1.024,1.7084299586544136,23.0
2023-04-21T23:50:05.375576,TRX-USD,SELL,0.0649,UMA-USD,BUY,1.91,1.5733904845258144,8.0
2023-04-21T23:50:44.434422,TRX-USD,SELL,0.0649,DOT-USD,BUY,5.82,1.7285573468223814,12.0
2023-04-21T23:51:23.137485,TRX-USD,SELL,0.0649,DOGE-USD,BUY,0.0785,1.5592516626801463,20.0
2023-04-21T23:52:03.720419,TRX-USD,SELL,0.0649,UNI-USD,BUY,5.435,1.8345584647002002,16.0
2023-04-21T23:52:42.265804,TRX-USD,SELL,0.0649,MATIC-USD,BUY,1.011,1.5984305353509884,17.0
2023-04-21T23:53:28.726070,EOS-USD,BUY,1.04,ALGO-USD,SELL,0.1844,-1.9613222925103713,16.0
2023-04-21T23:54:15.243773,XMR-USD,SELL,151.5,UMA-USD,BUY,1.91,1.6187050216985173,6.0
2023-04-21T23:54:56.001598,ADA-USD,BUY,0.382,ETH-USD,SELL,1850.8,-1.723030037111191,9.0
2023-04-21T23:55:40.762991,UNI-USD,BUY,5.435,MATIC-USD,SELL,1.011,-1.8499009189468438,7.0
2023-04-21T23:56:26.390439,SNX-USD,BUY,2.487,LINK-USD,SELL,7.118,-2.0469721999732187,20.0
2023-04-21T23:57:05.208914,XTZ-USD,BUY,0.995,ALGO-USD,SELL,0.1848,-1.6715033209716486,21.0
2023-04-21T23:58:04.962856,FIL-USD,BUY,5.22,1INCH-USD,SELL,0.493,-1.7193304376349399,15.0
2023-04-21T23:58:45.689145,TRX-USD,SELL,0.0649,COMP-USD,BUY,38.5,1.729121499493404,20.0
2023-04-21T23:59:24.467207,TRX-USD,SELL,0.0649,XLM-USD,BUY,0.0927,2.1086304919315295,20.0
2023-04-22T00:00:05.207094,TRX-USD,SELL,0.0649,SUSHI-USD,BUY,1.026,1.6004603228856646,23.0
2023-04-22T00:00:46.029251,TRX-USD,SELL,0.0649,DOT-USD,BUY,5.82,1.535022991698727,12.0
2023-04-22T00:01:28.712753,TRX-USD,SELL,0.0649,UNI-USD,BUY,5.435,1.622669608419358,16.0
2023-04-22T00:02:16.769287,EOS-USD,BUY,1.04,ALGO-USD,SELL,0.1848,-1.9532432751038418,16.0
2023-04-22T00:03:07.000116,ADA-USD,BUY,0.382,ETH-USD,SELL,1851.3,-1.6403735517306575,9.0
2023-04-22T00:03:51.548369,UNI-USD,BUY,5.435,MATIC-USD,SELL,1.011,-1.6239654258009415,7.0
2023-04-22T00:04:37.289069,SNX-USD,BUY,2.487,LINK-USD,SELL,7.118,-1.783946478506044,20.0
2023-04-22T00:05:38.553522,FIL-USD,BUY,5.22,1INCH-USD,SELL,0.493,-1.5257090979058905,15.0
2023-04-22T00:06:19.234322,TRX-USD,SELL,0.0649,COMP-USD,BUY,38.5,1.5299608195012193,20.0
2023-04-22T00:06:57.909215,TRX-USD,SELL,0.0649,XLM-USD,BUY,0.093,1.5429766356366297,20.0
2023-04-22T00:07:42.796351,TRX-USD,SELL,0.0649,DOT-USD,BUY,5.82,1.535022991698727,12.0
2023-04-22T00:08:25.413267,TRX-USD,SELL,0.0649,UNI-USD,BUY,5.435,1.622669608419358,16.0
2023-04-22T00:09:13.411222,EOS-USD,BUY,1.04,ALGO-USD,SELL,0.1848,-1.9532432751038418,16.0
2023-04-22T00:09:58.501465,ALGO-USD,SELL,0.1854,UMA-USD,BUY,1.91,1.5121492246003363,23.0
2023-04-22T00:10:41.061328,ADA-USD,BUY,0.382,ETH-USD,SELL,1851.3,-1.6403735517306575,9.0
2023-04-22T00:11:25.752372,UNI-USD,BUY,5.435,MATIC-USD,SELL,1.011,-1.6239654258009415,7.0
2023-04-22T00:12:11.421795,SNX-USD,BUY,2.487,LINK-USD,SELL,7.127,-1.8545977924005426,20.0
2023-04-22T00:12:49.932189,XTZ-USD,BUY,0.995,ALGO-USD,SELL,0.1854,-1.7594014271923704,21.0
2023-04-22T00:13:49.423937,FIL-USD,BUY,5.22,1INCH-USD,SELL,0.493,-1.5257090979058905,15.0
2023-04-22T00:14:30.121366,TRX-USD,SELL,0.0649,COMP-USD,BUY,38.5,1.5299608195012193,20.0
2023-04-22T00:15:08.893325,TRX-USD,SELL,0.0649,XLM-USD,BUY,0.093,1.5429766356366297,20.0
2023-04-22T00:15:53.077763,TRX-USD,SELL,0.0649,DOT-USD,BUY,5.82,1.535022991698727,12.0
2023-04-22T00:16:35.404314,TRX-USD,SELL,0.0649,UNI-USD,BUY,5.435,1.622669608419358,16.0
2023-04-22T00:17:19.818683,COMP-USD,BUY,38.5,MATIC-USD,SELL,1.0158,-1.8769396849319178,7.0
2023-04-22T00:18:00.356036,EOS-USD,BUY,1.04,ALGO-USD,SELL,0.1854,-2.3512270043810615,16.0
2023-04-22T00:18:50.331437,ADA-USD,BUY,0.382,ETH-USD,SELL,1851.3,-1.6403735517306575,9.0
2023-04-22T00:19:31.329563,DOT-USD,BUY,5.82,MATIC-USD,SELL,1.0158,-1.7098340793482723,11.0
2023-04-22T00:20:11.917351,UNI-USD,BUY,5.435,MATIC-USD,SELL,1.0158,-1.9477741930237873,7.0
2023-04-22T00:20:57.723067,SNX-USD,BUY,2.492,LINK-USD,SELL,7.127,-1.7437131413146434,20.0
2023-04-22T00:21:36.598418,XTZ-USD,BUY,0.995,ALGO-USD,SELL,0.1857,-1.8879916285539522,21.0
2023-04-22T00:22:17.516611,XTZ-USD,BUY,0.995,MATIC-USD,SELL,1.0158,-1.8449646250657632,11.0
2023-04-22T00:23:12.957210,FIL-USD,BUY,5.22,1INCH-USD,SELL,0.493,-1.5257090979058905,15.0
2023-04-22T00:23:53.538369,TRX-USD,SELL,0.0649,COMP-USD,BUY,38.5,1.5299608195012193,20.0
2023-04-22T00:24:32.501530,TRX-USD,SELL,0.0649,XLM-USD,BUY,0.093,1.5429766356366297,20.0
2023-04-22T00:25:17.015997,TRX-USD,SELL,0.0649,DOT-USD,BUY,5.82,1.535022991698727,12.0
2023-04-22T00:25:59.462310,TRX-USD,SELL,0.0649,UNI-USD,BUY,5.435,1.622669608419358,16.0
2023-04-22T00:26:43.879413,COMP-USD,BUY,38.5,MATIC-USD,SELL,1.0158,-1.8769396849319178,7.0
2023-04-22T00:27:24.537959,EOS-USD,BUY,1.04,ALGO-USD,SELL,0.1857,-2.5241744100022645,16.0
2023-04-22T00:28:14.908732,ADA-USD,BUY,0.382,ETH-USD,SELL,1851.3,-1.6403735517306575,9.0
2023-04-22T00:28:55.510616,DOT-USD,BUY,5.82,MATIC-USD,SELL,1.0158,-1.7098340793482723,11.0
2023-04-22T00:29:36.052253,UNI-USD,BUY,5.435,MATIC-USD,SELL,1.0158,-1.9477741930237873,7.0
2023-04-22T00:30:21.534447,SNX-USD,BUY,2.483,LINK-USD,SELL,7.129,-1.9552542255902572,20.0
2023-04-22T00:31:00.134528,XTZ-USD,BUY,0.995,ALGO-USD,SELL,0.1858,-1.9295728221663075,21.0
2023-04-22T00:31:40.911658,XTZ-USD,BUY,0.995,MATIC-USD,SELL,1.0158,-1.8449646250657632,11.0
2023-04-22T00:32:37.182797,FIL-USD,BUY,5.22,1INCH-USD,SELL,0.494,-1.6837903821808506,15.0
2023-04-22T00:33:17.867117,TRX-USD,SELL,0.0649,COMP-USD,BUY,38.5,1.5299608195012193,20.0
2023-04-22T00:33:56.707669,TRX-USD,SELL,0.0649,XLM-USD,BUY,0.093,1.5429766356366297,20.0
2023-04-22T00:34:41.210501,TRX-USD,SELL,0.0649,DOT-USD,BUY,5.82,1.535022991698727,12.0
2023-04-22T00:35:21.822061,TRX-USD,SELL,0.0649,LTC-USD,BUY,85.1,1.7199283360391602,22.0
2023-04-22T00:36:08.309222,COMP-USD,BUY,38.5,MATIC-USD,SELL,1.0136,-1.669706506105312,7.0
2023-04-22T00:36:48.899343,EOS-USD,BUY,1.046,ALGO-USD,SELL,0.1854,-1.5781460736405903,16.0
2023-04-22T00:37:39.465599,ADA-USD,BUY,0.382,ETH-USD,SELL,1850.0,-1.5614547761636621,9.0
2023-04-22T00:38:20.048210,DOT-USD,BUY,5.82,MATIC-USD,SELL,1.0136,-1.5067059086883152,11.0
2023-04-22T00:39:00.448763,UNI-USD,BUY,5.457,MATIC-USD,SELL,1.0136,-1.5175861393714027,7.0
2023-04-22T00:39:46.584350,SNX-USD,BUY,2.476,LINK-USD,SELL,7.116,-2.0043883634053192,20.0
2023-04-22T00:46:25.823745,SNX-USD,BUY,2.47,LINK-USD,SELL,7.116,-2.124750221558735,20.0
2023-04-22T00:47:04.589662,XTZ-USD,BUY,0.995,ALGO-USD,SELL,0.1859,-1.9705450433821263,21.0
2023-04-22T00:47:45.184469,XTZ-USD,BUY,0.995,MATIC-USD,SELL,1.0136,-1.6063296960266162,11.0
2023-04-22T00:48:37.057865,FIL-USD,BUY,5.22,1INCH-USD,SELL,0.494,-1.683815666095705,16.0
2023-04-22T00:49:15.873649,ZRX-USD,SELL,0.264,XLM-USD,BUY,0.0928,2.8250145003982765,22.0
2023-04-22T00:49:58.266520,TRX-USD,SELL,0.0649,XLM-USD,BUY,0.0928,1.7278722780532771,19.0
2023-04-22T00:50:42.742376,TRX-USD,SELL,0.0649,BTC-USD,BUY,27279.0,1.5208527493840456,14.0
2023-04-22T00:51:21.374282,TRX-USD,SELL,0.0649,DOT-USD,BUY,5.82,1.53502422637574,12.0
2023-04-22T00:52:02.052040,TRX-USD,SELL,0.0649,LTC-USD,BUY,85.1,1.719918320409636,22.0
2023-04-22T00:53:06.512585,DOT-USD,BUY,5.82,MATIC-USD,SELL,1.0136,-1.5066991034123454,11.0
2023-04-22T00:53:47.093626,AAVE-USD,BUY,68.85,1INCH-USD,SELL,0.494,-1.9336618671857235,16.0
2023-04-22T00:54:25.825151,UNI-USD,BUY,5.457,MATIC-USD,SELL,1.0136,-1.5175839520091485,7.0
2023-04-22T00:55:11.711352,SNX-USD,BUY,2.47,LINK-USD,SELL,7.116,-2.124750221558735,20.0
2023-04-22T00:55:50.447187,XTZ-USD,BUY,0.995,ALGO-USD,SELL,0.1854,-1.7593833770322456,21.0
2023-04-22T00:56:30.997318,XTZ-USD,BUY,0.995,MATIC-USD,SELL,1.0136,-1.6063296960266162,11.0
2023-04-22T00:57:23.192329,FIL-USD,BUY,5.22,1INCH-USD,SELL,0.494,-1.683815666095705,16.0
2023-04-22T00:58:07.573097,TRX-USD,SELL,0.0649,XLM-USD,BUY,0.0928,1.7278722780532771,19.0
2023-04-22T00:58:52.195073,TRX-USD,SELL,0.0649,BTC-USD,BUY,27279.0,1.5208527493840456,14.0
2023-04-22T00:59:31.107123,TRX-USD,SELL,0.0649,DOT-USD,BUY,5.82,1.53502422637574,12.0
2023-04-22T01:00:11.977295,TRX-USD,SELL,0.0649,LTC-USD,BUY,85.1,1.719918320409636,22.0
2023-04-22T01:01:20.687378,AAVE-USD,BUY,68.85,1INCH-USD,SELL,0.494,-1.6894969575153187,16.0
2023-04-22T01:02:08.451703,SNX-USD,BUY,2.47,LINK-USD,SELL,7.116,-1.8289389438365038,20.0
2023-04-22T01:02:46.969646,XTZ-USD,BUY,0.995,ALGO-USD,SELL,0.1854,-1.5599646960367746,21.0
2023-04-22T01:03:42.217297,FIL-USD,BUY,5.22,1INCH-USD,SELL,0.494,-1.504692614409897,16.0
2023-04-22T01:04:26.635594,TRX-USD,SELL,0.0649,XLM-USD,BUY,0.0928,1.5293220816386974,19.0
2023-04-22T01:05:16.623644,TRX-USD,SELL,0.0649,LTC-USD,BUY,85.1,1.5360120952905247,22.0
2023-04-22T01:06:24.964981,AAVE-USD,BUY,68.85,1INCH-USD,SELL,0.494,-1.6894969575153187,16.0
2023-04-22T01:07:12.408150,SNX-USD,BUY,2.47,LINK-USD,SELL,7.099,-1.7091780197323359,20.0
2023-04-22T01:07:50.970404,XTZ-USD,BUY,0.995,ALGO-USD,SELL,0.1854,-1.5599646960367746,21.0
2023-04-22T01:08:46.953748,FIL-USD,BUY,5.22,1INCH-USD,SELL,0.494,-1.504692614409897,16.0
2023-04-22T01:09:31.501622,TRX-USD,SELL,0.0649,XLM-USD,BUY,0.0928,1.5293220816386974,19.0
2023-04-22T01:10:21.317426,TRX-USD,SELL,0.0649,LTC-USD,BUY,85.1,1.5360120952905247,22.0
2023-04-22T01:11:03.863809,TRX-USD,SELL,0.0649,1INCH-USD,BUY,0.49,1.560691961589658,19.0
2023-04-22T01:12:17.561454,SNX-USD,BUY,2.468,LINK-USD,SELL,7.099,-1.7492379475288657,20.0
2023-04-22T01:13:17.926078,ZRX-USD,SELL,0.263,XLM-USD,BUY,0.0928,2.662181552540317,22.0
2023-04-22T01:14:00.665890,TRX-USD,SELL,0.0649,XLM-USD,BUY,0.0928,1.5293220816386974,19.0
2023-04-22T01:14:50.716619,TRX-USD,SELL,0.0649,LTC-USD,BUY,85.1,1.5360120952905247,22.0
2023-04-22T01:15:33.221446,TRX-USD,SELL,0.0649,1INCH-USD,BUY,0.49,1.560691961589658,19.0
2023-04-22T01:16:47.033552,SNX-USD,BUY,2.468,LINK-USD,SELL,7.099,-1.7492379475288657,20.0
2023-04-22T01:17:46.620825,ZRX-USD,SELL,0.263,XLM-USD,BUY,0.0928,2.662181552540317,22.0
2023-04-22T01:18:29.088298,TRX-USD,SELL,0.0649,XLM-USD,BUY,0.0928,1.5293220816386974,19.0
2023-04-22T01:19:19.355879,TRX-USD,SELL,0.0649,LTC-USD,BUY,85.0,1.5866400216861953,22.0
2023-04-22T01:20:02.003987,TRX-USD,SELL,0.0649,1INCH-USD,BUY,0.49,1.560691961589658,19.0
2023-04-22T01:21:15.774490,SNX-USD,BUY,2.468,LINK-USD,SELL,7.118,-1.8810037226194032,20.0
2023-04-22T01:22:15.156587,ZRX-USD,SELL,0.263,XLM-USD,BUY,0.0922,3.029468611707786,22.0
2023-04-22T01:22:57.757217,TRX-USD,SELL,0.0649,XLM-USD,BUY,0.0922,2.017909210603922,19.0
2023-04-22T01:23:48.431091,TRX-USD,SELL,0.0649,LTC-USD,BUY,85.0,1.5866400216861953,22.0
2023-04-22T01:24:31.017332,TRX-USD,SELL,0.0649,1INCH-USD,BUY,0.49,1.560691961589658,19.0
2023-04-22T01:25:19.214500,NEAR-USD,BUY,1.908,ETH-USD,SELL,1848.6,-1.6255559425593729,15.0
2023-04-22T01:26:21.931388,SNX-USD,BUY,2.468,LINK-USD,SELL,7.118,-1.8810037226194032,20.0
2023-04-22T01:27:21.800980,ZRX-USD,SELL,0.263,XLM-USD,BUY,0.0922,3.029468611707786,22.0
2023-04-22T01:28:04.426687,TRX-USD,SELL,0.0649,XLM-USD,BUY,0.0922,2.017909210603922,19.0
2023-04-22T01:28:54.603152,TRX-USD,SELL,0.0649,LTC-USD,BUY,85.0,1.5866400216861953,22.0
2023-04-22T01:29:37.060034,TRX-USD,SELL,0.0649,1INCH-USD,BUY,0.49,1.560691961589658,19.0
2023-04-22T01:30:25.290235,NEAR-USD,BUY,1.908,ETH-USD,SELL,1851.5,-1.7668690465142183,15.0
2023-04-22T01:31:09.518617,ADA-USD,BUY,0.382,ETH-USD,SELL,1851.5,-1.5871865466025032,9.0
2023-04-22T01:32:05.445550,SNX-USD,BUY,2.468,LINK-USD,SELL,7.118,-1.8810037226194032,20.0
2023-04-22T01:33:05.136097,ZRX-USD,SELL,0.264,XLM-USD,BUY,0.0923,3.156783190736284,22.0
2023-04-22T01:33:47.652254,TRX-USD,SELL,0.0649,XLM-USD,BUY,0.0923,1.9420797899301827,19.0
2023-04-22T01:34:37.771829,TRX-USD,SELL,0.0649,LTC-USD,BUY,85.0,1.5866400216861953,22.0
2023-04-22T01:35:20.477170,TRX-USD,SELL,0.0649,1INCH-USD,BUY,0.49,1.560691961589658,19.0
2023-04-22T01:36:09.209618,NEAR-USD,BUY,1.91,ETH-USD,SELL,1851.5,-1.677596838651342,15.0
2023-04-22T01:36:53.286148,ADA-USD,BUY,0.382,ETH-USD,SELL,1851.5,-1.5871865466025032,9.0
2023-04-22T01:37:48.777505,SNX-USD,BUY,2.468,LINK-USD,SELL,7.118,-1.8810037226194032,20.0
2023-04-22T01:38:47.640657,ZRX-USD,SELL,0.264,XLM-USD,BUY,0.0923,3.156783190736284,22.0
2023-04-22T01:39:30.158831,TRX-USD,SELL,0.0649,XLM-USD,BUY,0.0923,1.9420797899301827,19.0
